2045 3312
284 260 373 290 CAP-
394 250 493 310 xlx]
775 264 836 296 DE
863 263 1099 296 ECCLEsm.
1181 268 1183 270 ·
1810 264 1886 304 441

182 380 218 413 Y
246 371 423 412 bAdam
468 369 641 410 muliere
688 369 867 409 formata
911 382 959 408 ex
1003 382 1052 408 eo
1093 368 1180 407 sine
1218 368 1343 421 priori
1386 376 1601 408 contractu

197 437 271 482 189ο
286 449 437 480 mutuo
470 441 521 479 acl
553 453 785 492 assensum,
821 438 876 479 sic
910 439 1072 491 primus
1095 439 1235 478 Adam
1259 439 1497 478 secundum
1519 439 1604 478 dei-

286 520 415 551 tatem
467 524 515 550 ex
569 509 720 549 eternis
764 509 1001 548 racionibus
1054 508 1364 562 exemplaribus
1412 507 1606 548 formavit

286 581 328 620 in
360 580 570 634 principio
605 579 755 619 mundi
789 579 921 619 eciam
955 578 1174 619 ecclesiam
1213 578 1300 618 sine
1333 578 1474 632 previa
1506 592 1604 618 con-

253 659 268 691 5
287 650 541 690 sideracione
558 663 786 690 consensus
802 648 1017 701 meritorii,
1036 648 1133 702 quia
1151 651 1212 699 (ut
1229 648 1327 688 dicit
1342 648 1606 702 Augustinus

286 720 559 760 Euchiridion
604 718 738 772 LV10)
779 720 955 759 ecclesia
1008 720 1170 759 celestis
1213 731 1383 772 semper
1426 732 1480 758 ex
1524 732 1606 772 quo

286 790 451 830 condita
486 797 547 831 est
578 791 733 830 cohesit
764 789 946 831 domino.
1000 790 1110 829 Nam
1142 798 1229 829 tarn
1261 790 1434 843 angelus
1478 803 1607 843 quam
1651 799 1717 827 The
1744 799 1868 827 Church

286 861 418 899 homo
443 861 658 900 creabatur
683 860 724 899 in
748 860 885 913 gracia
918 859 1190 913 gratificante,
1225 859 1431 913 posterius
1465 871 1606 900 autem
1640 843 1709 898 fii-ai
1728 834 1880 904 iiiogiatcheey

287 930 328 969 in
380 930 643 983 plenitudine
699 930 902 983 temporis
962 930 1159 969 formavit
1217 929 1435 969 ecclesiam
1488 944 1607 970 suam
1634 905 1886 979 btiguiegieciissdatl

235 1000 533 1041 inhumanitus
566 1015 648 1055 que
681 1015 754 1053 per
792 1001 925 1041 multa
957 1000 1087 1040 millia
1120 1014 1331 1040 annorum
1371 1000 1448 1040 fuit
1479 1000 1608 1054 prius,
1624 976 1673 1003 the
1706 976 1897 1003 crucmxmn.

288 1071 391 1110 dum
425 1071 638 1111 dormiens
671 1071 713 1110 in
747 1084 866 1111 cruce
900 1079 1095 1111 mortuus
1130 1070 1225 1110 fecit
1257 1084 1350 1110 eam
1376 1069 1609 1111 formosam

245 1154 248 1157 ’
289 1157 336 1183 ex
369 1143 583 1196 principiis
618 1157 711 1183 eam
748 1143 1068 1194 mundantibus,
1115 1142 1265 1182 virtute
1306 1156 1489 1196 quorum
1522 1151 1610 1181 tota

293 1214 407 1268 prior
439 1214 624 1265 ecclesia,
659 1213 765 1254 sicut
798 1223 837 1254 et
871 1213 1042 1254 ecclesia
1075 1227 1257 1267 sequens
1291 1212 1450 1266 accepit
1480 1212 1610 1252 vitam

291 1284 552 1338 spiritualem
585 1293 623 1324 et
663 1284 1024 1338 pulchritudinem
1069 1284 1150 1323 vite
1184 1282 1361 1324 naturali
1409 1283 1608 1335 superad-

238 1359 274 1392 15
291 1355 434 1395 ditam.
481 1354 534 1394 Et
568 1354 674 1394 sicut
708 1364 843 1408 preter
876 1354 1094 1394 materiam
1126 1362 1240 1393 coste
1272 1353 1412 1393 Adam
1444 1361 1611 1406 oportet

292 1425 561 1478 multiplicari
585 1425 866 1479 spiritualiter,
896 1425 994 1478 quia
1017 1424 1268 1464 miraculose
1291 1423 1412 1462 nobis
1438 1424 1610 1464 abscon-

293 1495 375 1535 dite
420 1494 544 1534 aliam
593 1495 811 1535 materiam
862 1509 909 1535 ex
967 1494 1118 1548 quibus
1168 1493 1438 1534 constituitur
1483 1503 1613 1533 mater

293 1567 392 1617 Eva,
439 1566 493 1605 sic
540 1565 823 1619 principaliter
865 1564 1127 1605 mundiciam
1173 1564 1238 1604 vel
1282 1563 1482 1604 virtutem
1522 1577 1610 1604 cor-

292 1637 480 1690 poralem
541 1635 756 1689 sanguinis
816 1644 855 1675 et
907 1649 1014 1689 aque
1066 1634 1376 1688 redempcionis
1429 1634 1614 1674 humane

235 1723 276 1744 20
293 1715 462 1760 oportet
518 1706 613 1745 dare
664 1705 918 1759 ampliorem
963 1704 1225 1759 spiritualem
1269 1705 1532 1744 mundiciam
1577 1714 1615 1745 et

292 1777 492 1817 virtutem
532 1789 579 1815 ex
612 1776 668 1815 eis
702 1776 952 1830 originatam
985 1789 1067 1829 que
1101 1789 1143 1814 se
1176 1775 1364 1815 extendit
1397 1775 1448 1814 ad
1481 1784 1614 1815 totam

294 1846 512 1886 ecclesiam
546 1846 786 1899 preteritam
820 1856 859 1886 et
893 1846 1100 1897 futuram;
1140 1846 1211 1885 sed
1244 1846 1393 1898 procul
1425 1846 1614 1899 undique

294 1917 376 1956 hoc
408 1930 620 1956 venenum
665 1916 925 1970 pestiferum,
975 1925 1020 1956 ut
1064 1916 1254 1955 credatur
1298 1925 1392 1955 ante
1432 1925 1615 1956 mortem

296 1986 447 2027 Christi
482 2000 567 2026 non
601 1986 726 2026 fuisse
761 1986 991 2037 ecclesiam,
1040 1987 1113 2025 sed
1147 1985 1364 2026 Christum
1398 2000 1496 2026 cum
1531 1986 1614 2025 suis

238 2064 277 2096 25
296 2057 498 2110 apostolis
533 2056 658 2097 fuisse
691 2057 845 2096 viando
879 2056 1154 2097 solummodo
1189 2070 1462 2110 synagogam.

816 2303 940 2343 CAP.
974 2303 1083 2344 XIX.

144 2415 176 2446 A
202 2411 279 2457 189Ul
353 2408 377 2435 Ψ
400 2408 630 2462 Supposito
677 2423 725 2448 ex
769 2407 849 2447 fide
893 2408 1095 2460 scripture
1129 2406 1340 2447 elaborata
1390 2422 1413 2447 a
1466 2407 1616 2447 sanctis
1659 2425 1880 2452 Whemesffic

296 2479 538 2519 doctoribus
597 2480 713 2533 quod
772 2479 911 2518 solum
970 2477 1240 2531 predestinati
1293 2477 1375 2517 sint
1426 2461 1906 2523 membraholffi'sgffisss‘ffind

297 2558 435 2589 sancte
480 2550 622 2589 matris
668 2548 853 2601 ecclesie,
894 2556 1021 2588 restat
1053 2547 1335 2588 dubitandum
1367 2547 1539 2588 ulterius
1584 2548 1617 2587 si
1657 2530 1884 2593 ⁰s¹¹gffiff¹c⁰11fhe

0 2711 133 2879 Χ
349 2722 377 2749 6.
399 2721 431 2748 In
447 2721 556 2750 codd.:
578 2720 780 2749 Enchiridion
801 2720 908 2748 LXIV.
1013 2728 1054 2748 10.
1074 2719 1103 2748 A
1124 2719 1154 2747 in
1176 2727 1293 2754 marg:
1314 2719 1405 2746 Nota.
1521 2727 1553 2746 11.
1576 2718 1615 2746 B:

299 2767 458 2796 dormiens
488 2768 582 2796 deest.
726 2767 768 2795 25.
807 2767 852 2795 A:
885 2775 1089 2803 synagogam.
1129 2766 1276 2802 Sequitur
1304 2766 1411 2800 lingua
1431 2764 1615 2792 Bohemica:

300 2814 493 2851 Hospodyne
505 2814 701 2851 mylostywy‚
716 2822 784 2842 racz
796 2814 950 2850 hrzyechy
962 2818 1044 2841 stare
1054 2821 1073 2849 y
1086 2821 1172 2840 noxve
1185 2813 1363 2849 odpustyty.
1379 2813 1409 2839 ld
1423 2817 1484 2840 est:
1498 2811 1616 2839 Miseri·

300 2869 372 2889 cors
393 2861 527 2895 domine,
557 2861 709 2889 dimittere
729 2860 868 2895 digneris
890 2859 980 2888 nobis
1002 2864 1127 2896 peccata
1151 2864 1250 2887 vetera
1272 2867 1328 2887 nec
1348 2867 1410 2886 non
1433 2858 1613 2886 recentiora.

298 2916 345 2944 29.
366 2909 395 2935 A
415 2908 445 2936 in
466 2915 582 2944 marg:
604 2908 715 2936 Utrum
740 2906 864 2945 presciti
886 2912 995 2943 gerant
1015 2907 1141 2934 ordines
1163 2911 1191 2934 et
1212 2906 1311 2934 officia
1334 2904 1471 2933 ecclesie.
