2045 3312
142 260 226 301 490
877 262 1103 295 JOHANNIS
1129 263 1326 299 WYCLIF.
1555 250 1661 309 [CAP.
1686 261 1752 291 xx.

431 367 545 406 enim
585 369 702 421 quod
740 377 849 409 caste
889 368 1066 409 filialiter
1107 369 1277 410 timetur
1320 383 1516 423 sponSUS,
1554 379 1753 423 operatur
1771 381 1906 426 φωρ,

431 437 582 477 mulier
623 438 808 491 predicta
851 448 992 479 totum
1036 440 1200 480 bonum
1252 448 1466 480 narratum
1518 441 1753 481 secundum

431 509 590 548 dictum
621 510 813 550 ordinem
843 525 1002 564 sponso
1031 525 1123 562 SUO,
1157 519 1197 552 et
1229 520 1389 551 certum
1422 520 1482 552 est
1514 512 1629 566 quod
1661 511 1754 551 talis

431 579 542 618 bona
574 580 769 633 operacio
803 595 888 621 non
920 590 1060 634 potest
1090 581 1268 622 finaliter
1299 595 1322 621 a
1353 582 1476 622 laude
1508 581 1694 622 deficere.

489 650 611 690 Unde
657 651 754 704 quia
799 652 924 691 talem
971 651 1099 692 vitam
1152 652 1408 692 laboriosam
1464 652 1787 706 imperfectam5

205 724 302 752 Verse
322 724 361 752 3¹.
432 729 600 773 oportet
638 720 789 761 habere
834 721 1013 762 finaliter
1045 723 1426 776 complementum,
1474 722 1569 762 ideo
1602 731 1797 776 quarto4

152 759 396 823 iiifrelssiiiffiiubin
432 799 470 830 et
507 790 658 830 ultimo
698 791 755 831 sic
802 792 995 832 infertur:
1040 793 1153 833 Date
1190 794 1227 833 ei
1264 793 1314 834 de
1348 793 1508 847 fructu
1547 806 1753 833 manuum

142 831 407 896 ress-etwiff‘iiee‘iuiieia.
430 872 637 901 suarum:
668 868 707 901 et
740 862 914 901 laudent
957 876 1049 902 eam
1090 863 1131 902 in
1162 864 1302 917 portis
1335 877 1467 916 opera
1500 876 1594 903 sua.
1645 862 1756 912 Quia

432 944 653 985 nunquan]
676 931 717 970 in
741 945 863 972 cursu
886 932 950 972 vie
980 933 1021 972 in
1043 947 1127 986 qua
1150 933 1338 987 oportuit
1369 942 1546 974 matrem
1568 942 1755 973 nostram

432 1002 482 1040 de
515 1010 639 1041 nocte
672 1016 935 1056 consurgere,
975 1017 1166 1057 pannum
1198 1012 1347 1056 texere,
1387 1013 1554 1058 egentes
1587 1018 1754 1057 pascere
1774 1026 1814 1048 10

432 1081 472 1111 et
506 1080 640 1111 cetera
673 1086 802 1126 opera
833 1074 1114 1113 misericordie
1148 1075 1383 1115 secundum
1413 1074 1544 1114 vitam
1576 1074 1754 1114 activam

434 1142 646 1195 perficere,
680 1157 767 1182 non
800 1153 940 1197 potest
973 1158 1059 1184 esse
1092 1145 1184 1184 talis
1216 1145 1449 1185 successiva
1483 1144 1754 1185 continuacio

430 1213 472 1251 in
518 1222 724 1262 eternum,
778 1214 872 1253 ideo
924 1214 1101 1268 precipit
1149 1229 1331 1268 sponsus
1381 1230 1458 1269 pro
1504 1215 1569 1255 die
1621 1215 1755 1255 finalis

431 1283 570 1322 iudicii
594 1292 640 1323 ut
662 1283 733 1323 filii
758 1285 928 1324 ecclesie
957 1285 1167 1338 reciproce
1189 1286 1289 1325 dent
1312 1286 1386 1325 sibi
1411 1286 1452 1325 in
1469 1284 1648 1340 quietess
1663 1300 1753 1339 per·
1775 1294 1854 1340 1013b

433 1362 559 1406 petua
582 1354 631 1393 de
656 1353 794 1394 fructu
818 1366 1021 1409 operum3
1055 1356 1169 1410 quod
1194 1365 1255 1396 est
1280 1357 1492 1409 premium
1515 1356 1757 1396 beatificum
1776 1368 1813 1400 15

434 1425 694 1464 meritorum.
728 1425 839 1464 Nam
873 1426 986 1465 Luce
1018 1426 1109 1476 V10‚
1154 1426 1203 1465 38
1238 1426 1449 1467 scribitur:
1498 1428 1755 1466 Mensuram

431 1495 583 1534 bonam
618 1502 656 1534 et
677 1495 912 1549 confectam
944 1503 981 1536 et
1010 1497 1270 1550 coagitatam
1306 1504 1345 1537 et
1377 1497 1754 1551 supereffluentem

431 1566 592 1605 dabunt
624 1567 665 1606 in
699 1567 840 1605 sinum
874 1574 1075 1607 vestrum.
1126 1567 1240 1607 Beati
1288 1568 1399 1607 enim
1440 1568 1541 1607 dant
1573 1567 1786 1609 beatitu-1

432 1636 570 1674 dinem
597 1636 867 1675 essencialem
901 1637 942 1675 in
966 1636 1030 1675 via
1055 1637 1261 1677 iniciative
1296 1651 1342 1676 ex
1365 1638 1404 1676 vi
1433 1637 1752 1678 communionis

432 1706 642 1759 reciproce
658 1708 1007 1759 p1·omerendo‚et
1018 1708 1117 1747 dant
1133 1708 1433 1748 beatitudinem
1452 1708 1751 1747 accidentalem
1771 1729 1812 1749 20

432 1776 470 1814 in
507 1776 639 1829 patria
683 1776 890 1816 obiective
935 1778 984 1816 de
1031 1792 1107 1818 sua
1138 1778 1272 1830 gloria
1312 1779 1523 1831 reciproce
1569 1792 1753 1832 congau-

431 1848 582 1895 dendo,
636 1856 674 1886 et
726 1847 783 1886 sic
836 1846 1012 1887 finaliter
1062 1849 1152 1888 laus
1199 1848 1273 1888 erit
1325 1848 1551 1902 unicuique
1595 1863 1616 1887 a
1661 1850 1752 1889 Deo

432 1918 663 1957 secundum
695 1931 919 1957 numerum
942 1918 1213 1969 meritorum3
1236 1919 1619 1972 proporcionaliter
1640 1920 1750 1959 enirn
1767 1930 1792 1962 2

433 1997 475 2027 ut
509 1987 816 2040 predestinatus
842 2003 888 2027 ex
913 1988 1062 2027 maiori
1092 1988 1229 2042 gracia
1260 1989 1355 2042 plus
1378 1988 1545 2042 proficit
1567 1989 1752 2041 ecclesie,

430 2058 599 2098 habebit
624 2058 663 2097 in
690 2059 822 2111 portis
846 2060 1005 2099 nedum
1033 2059 1074 2098 in
1106 2060 1171 2099 die
1202 2059 1342 2100 iudicii
1376 2060 1447 2099 sed
1473 2059 1551 2099 toti
1587 2061 1750 2100 mundo
1769 2070 1808 2103 25

432 2137 638 2181 perpetuo
673 2130 819 2182 patulo
843 2130 1023 2184 gloriam
1046 2130 1314 2184 ampliorem.
1349 2130 1465 2170 Sicut
1488 2129 1600 2169 enim
1624 2145 1752 2183 opera

431 2199 760 2252 dampnatorum
797 2209 917 2240 erunt
950 2201 990 2239 in
1024 2200 1089 2239 die
1123 2200 1262 2240 iudicii
1298 2209 1336 2240 ct
1369 2209 1468 2253 post
1499 2200 1648 2254 patulo
1672 2201 1750 2240 toti

431 2269 594 2308 mundo
618 2271 669 2309 ad
693 2271 754 2310 sui
780 2270 1090 2321 confusionem,
1125 2272 1182 2311 sic
1216 2285 1343 2324 opera
1376 2271 1599 2311 beatorum
1632 2280 1752 2311 erunt

430 2348 635 2392 perpetuo
669 2341 832 2380 mundo
872 2341 1065 2394 patencia
1097 2342 1148 2381 ad
1181 2341 1245 2381 sui
1284 2340 1653 2394 glorificacionem.
1700 2343 1752 2382 Et

430 2418 542 2462 patet
563 2409 603 2448 in
629 2419 743 2462 parte
766 2411 977 2451 sentencia
999 2411 1123 2451 huius
1140 2411 1301 2451 Cantici
1327 2412 1581 2452 continentis
1604 2412 1750 2465 viginti
1769 2421 1810 2453 30

431 2480 532 2519 duas
593 2481 913 2533 proposiciones
966 2483 1197 2522 secundum
1259 2496 1487 2522 numerum
1538 2483 1752 2522 literarum

430 2550 638 2603 alphabeti
664 2551 827 2601 ebraici,
862 2551 979 2592 cuius
1014 2552 1174 2604 primus
1198 2552 1381 2592 binarius
1405 2552 1469 2592 hic
1503 2552 1543 2591 in
1569 2561 1752 2606 quatuor

431 2629 490 2659 cst
523 2620 693 2662 divisus.
746 2622 856 2661 Inter
886 2622 964 2661 alia
997 2622 1313 2662 interlocutoria
1352 2622 1506 2675 aspersi
1547 2623 1665 2675 quod
1710 2621 1749 2660 in

430 2691 634 2743 preceptis
669 2691 823 2730 neutris
857 2692 1077 2732 christiane
1109 2692 1204 2732 fidei
1237 2693 1418 2745 legimus
1451 2693 1541 2732 tale.

481 2822 507 2841 2.
529 2815 714 2842 secundum.
738 2815 769 2842 In
787 2815 878 2842 codd.
894 2824 1033 2843 sensum.
1179 2817 1220 2845 16.
1242 2818 1263 2845 B
1280 2818 1310 2845 in
1332 2825 1448 2852 marg.:
1470 2817 1550 2845 Nota
1565 2816 1648 2852 quod
1671 2816 1749 2845 beati

431 2860 471 2892 (in
494 2861 580 2887 cod.:
604 2861 692 2894 bene)
713 2861 786 2888 dant
807 2862 962 2897 duplicem
981 2862 1214 2891 beatitudinem.
1336 2863 1376 2891 23.
1399 2863 1519 2891 Codd.:
1542 2863 1747 2891 meritorium.

430 2909 470 2937 33.
492 2910 519 2936 A
535 2909 591 2943 Al:
614 2908 694 2935 luter
714 2909 771 2936 alia
790 2926 814 2927 ff
841 2909 971 2943 legimus
992 2911 1051 2938 tale
1071 2911 1166 2938 deest.
1309 2910 1355 2943 34.
1377 2910 1416 2937 B:
1439 2911 1548 2945 legius.
