2045 3312
153 292 235 334 472

883 287 1111 321 JOHANNIS
1138 287 1334 321 WYCLIF.
1565 277 1668 331 [CAP.
1694 285 1761 314 xx.

445 397 569 436 ducta
593 395 633 434 in
658 395 908 446 thalamum,
942 394 1176 434 secundum
1202 407 1431 434 numerum
1454 395 1773 448 octogenarium
1793 405 1871 450 193d
1890 407 1924 440 A

445 466 598 506 dicitur
637 465 894 517 concubina3
934 464 1005 504 sed
1038 463 1166 503 tercio
1200 464 1293 517 plus
1317 465 1518 504 accedens
1551 466 1602 505 ad
1633 466 1813 510 unita-3

446 545 532 576 tem
579 550 660 590 que
701 544 762 576 est
794 535 938 575 omnia
972 535 1013 574 in
1047 534 1245 574 omnibus
1279 543 1450 574 notatur
1482 535 1558 574 sub
1598 536 1773 576 nomine

446 607 586 660 regine
640 615 678 647 et
730 606 807 646 sub
861 619 1040 645 numero
1093 604 1362 658 sexagenario
1415 614 1512 658 post
1573 606 1773 646 miliciam

446 676 766 730 triumphalem3
827 677 899 715 sed
951 683 1100 730 quarto
1154 676 1325 729 quando
1388 676 1566 716 cessabit
1633 677 1815 722 omnis4

447 747 628 799 exaccio,
677 761 771 787 area
814 746 950 786 tocius
998 746 1168 786 ecclesie
1216 746 1338 799 plene
1383 755 1560 800 purgata
1601 761 1623 786 a
1655 747 1773 800 palea

448 831 523 871 per
553 817 837 858 ventilabrum
860 816 997 857 finalis
1022 816 1178 868 iudicii,
1203 830 1290 856 non
1315 818 1510 858 derelicta
1531 817 1574 856 in
1598 831 1774 871 corpore

448 888 584 928 tocius
630 887 799 928 ecclesie
848 887 1014 927 macula
1061 887 1146 926 sive
1190 900 1305 941 ruga,
1351 896 1451 928 tunc
1496 888 1647 928 dicitur
1691 902 1775 928 una

449 958 645 999 columba
664 958 819 1011 adepto
843 957 926 997 fine
950 956 1121 997 unitatis
1145 957 1368 1009 caritative,
1387 959 1620 998 secundum
1645 972 1774 1012 quam

450 1038 537 1070 tota
577 1029 748 1069 ecclesia
789 1037 849 1068 est
882 1027 1088 1068 Christus.
1123 1028 1240 1068 Patet
1274 1027 1350 1068 ista
1383 1029 1595 1069 sentencia
1629 1028 1772 1069 Canti-
1794 1053 1832 1074 ,0

173 1110 309 1150 Asbort
329 1119 420 1146 expo·
451 1113 602 1140 corum
632 1099 710 1140 V10
735 1107 774 1138 et
803 1098 979 1152 sparsim
1012 1098 1108 1137 alibi
1143 1098 1182 1136 in
1218 1112 1429 1151 processu.
1465 1099 1641 1139 Intendo
1675 1113 1774 1153 ergo

156 1145 434 1216 Sciitgmgfct'ioemvir-
453 1170 569 1210 illam
613 1178 776 1223 partem
822 1168 1004 1208 mediam
1057 1168 1211 1208 scilicet
1258 1168 1470 1209 canticum
1512 1169 1561 1210 de
1597 1170 1778 1210 muliere

172 1221 265 1244 tuous
285 1225 421 1245 woman.

438 1240 557 1295 forti
595 1239 802 1280 succincte
847 1248 1128 1279 transcurrere
1161 1247 1200 1278 et
1234 1238 1500 1280 difficultates
1545 1239 1776 1293 profundas

452 1321 538 1352 tam
583 1310 859 1364 expositorias
905 1323 1034 1363 quam
1080 1309 1318 1349 scolasticas
1354 1310 1639 1363 superioribus
1672 1310 1775 1351 meis

451 1381 699 1435 relinquere.
751 1380 887 1421 Video
940 1389 1081 1420 tamen
1136 1379 1249 1434 (licet
1302 1378 1497 1434 obscure)
1552 1381 1774 1434 quomodo
1796 1392 1832 1424 15

450 1451 588 1492 omnis
622 1451 847 1491 difficultas
876 1450 1025 1504 logica,
1050 1449 1343 1503 philosophica
1377 1450 1438 1489 vel
1474 1450 1777 1503 methaphisica

451 1522 680 1562 includitur
712 1522 753 1561 in
788 1521 991 1575 scriptura
1016 1521 1065 1560 de
1089 1530 1229 1560 sancta
1254 1529 1386 1560 matre
1411 1520 1595 1571 ecclesia,
1626 1535 1775 1575 ymmo

453 1600 517 1648 (ut
539 1591 860 1632 habundancius
884 1588 1053 1646 loquar)
1086 1591 1118 1630 si
1152 1591 1255 1644 quid
1287 1590 1526 1631 subtilitatis
1563 1601 1776 1644 repertum

451 1672 511 1704 est
543 1677 566 1702 a
599 1662 720 1702 nobis
753 1662 794 1701 in
827 1661 968 1715 aliqua
1001 1661 1174 1701 istarum
1208 1660 1381 1712 arcium,
1406 1661 1493 1701 eius
1517 1662 1774 1702 sentenciam

452 1733 588 1773 innuit
632 1732 752 1773 nobis
786 1731 958 1786 spiritus
992 1739 1162 1771 sanctus
1195 1730 1236 1769 in
1271 1731 1433 1770 cantico
1477 1731 1774 1784 sapientissimi
1792 1753 1833 1775 20

185 1815 208 1842 1t
228 1815 254 1842 is
274 1814 304 1843 in
326 1816 409 1844 three
453 1803 693 1844 Salomonis
746 1804 796 1842 de
849 1811 991 1842 sancta
1043 1811 1175 1841 matre
1226 1801 1411 1853 ecclesia,
1450 1802 1776 1842 Proverbiorum

246 1855 347 1912 {sartsz

159 1886 315 1925 afleiing
335 1873 622 1926 ofquXX10‚
664 1887 724 1925 10,
774 1874 1001 1913 *Mulierem
1035 1872 1203 1927 fortem
1256 1873 1349 1925 quis
1407 1873 1615 1924 inveniet,·
1662 1874 1777 1927 quod

159 1990 174 2016 h
211 1926 437 1995 ffigrgfficrchot
453 1953 592 1997 potest
625 1943 753 1983 dividi
776 1943 819 1982 in
843 1952 923 1983 tres
956 1951 1106 1996 parteS,
1139 1942 1179 1981 in
1214 1956 1395 1996 quarum
1425 1943 1561 1996 prima
1590 1952 1778 1983 narratur

159 1991 187 2061 ci
205 1993 240 2056 gi
257 1996 298 2058 ii}
319 1992 435 2064 ‘iirfizfisst
453 2014 623 2054 ecclesie
656 2023 796 2054 sancte
830 2013 1091 2066 coniugium,
1125 2013 1165 2052 in
1201 2014 1382 2053 secunda
1416 2013 1661 2053 describitur
1689 2014 1776 2054 eius

453 2084 644 2125 officium
684 2094 723 2125 et
759 2084 801 2123 in
834 2085 957 2125 tercia
991 2084 1257 2124 concluditur
1289 2084 1377 2124 eius
1411 2084 1671 2137 preconium.
1791 2095 1831 2127 25

508 2155 652 2194 Primo
693 2163 835 2195 autem
868 2154 1126 2207 supponitur
1158 2168 1245 2194 esse
1279 2168 1414 2194 unum
1446 2154 1634 2207 primum
1672 2165 1822 2198 con-B

450 2225 613 2278 iugium
666 2225 782 2279 quod
835 2224 886 2265 sit
938 2233 1123 2265 metrum
1177 2224 1374 2264 omnium
1426 2224 1607 2264 aliorum
1670 2225 1776 2265 inter

452 2294 728 2335 fortissimum
761 2295 950 2335 virorum
983 2304 1023 2335 et
1056 2294 1277 2334 mulierem
1301 2294 1377 2334 sibi
1402 2294 1773 2347 proporcionalem

453 2365 706 2418 faciendum,
736 2379 834 2405 nam
859 2366 1093 2405 secundum
1117 2365 1395 2418 philosophos
1418 2365 1460 2404 in
1483 2364 1599 2404 omni
1622 2378 1774 2418 genere

451 2445 510 2475 est
542 2435 758 2489 reperibile
801 2436 881 2475 tale
926 2435 1126 2489 primum.
1174 2435 1216 2474 In
1263 2448 1414 2487 genere
1447 2448 1546 2487 ergo
1587 2435 1832 2488 coniugiisso

451 2506 668 2559 supposita
703 2506 994 2545 incarnacione
1026 2505 1139 2545 verbi
1176 2503 1311 2559 (quod
1345 2514 1405 2544 est
1438 2506 1550 2545 Deus
1584 2504 1700 2544 fortis
1734 2514 1773 2544 et

449 2586 599 2630 potens
633 2576 674 2615 in
708 2575 858 2629 prelio)
890 2585 1058 2629 oportet
1092 2576 1275 2616 invenire
1308 2575 1384 2614 sibi
1420 2575 1645 2629 coniugem
1668 2576 1771 2615 bene

450 2647 613 2688 fortem.
648 2647 745 2686 Ideo
778 2647 916 2699 primo
940 2648 990 2687 de
1013 2647 1081 2686 illa
1105 2646 1311 2700 queritur:
1344 2646 1575 2686 Mulierem
1597 2646 1769 2700 sortem

504 2805 520 2823 i.
551 2797 575 2823 Λ
607 2797 635 2823 in
670 2803 784 2830 marga
808 2796 850 2823 De
880 2797 1134 2831 adolescentulis,
1157 2795 1344 2823 concubinis
1383 2800 1411 2822 et
1443 2795 1558 2829 reginis
1591 2794 1772 2823 Salomonis

450 2845 572 2878 (Above
588 2843 652 2877 103⁴
673 2844 801 2870 without
818 2844 904 2870 mark
919 2844 953 2871 ot*
965 2844 1141 2878 reference).
1263 2851 1286 2870 ρ.
1304 2843 1344 2870 13:
1368 2842 1392 2869 si
1410 2842 1516 2869 tercio.
1639 2849 1681 2869 22.
1698 2843 1725 2870 A
1741 2843 1771 2869 in

452 2898 567 2925 marga
598 2890 763 2926 lixposicio
785 2890 883 2917 illius:
914 2889 1075 2917 Μιιίίσνσηι
1094 2889 1217 2926 fortem
1246 2889 1313 2925 quis
1333 2889 1474 2916 inveniet.
1619 2888 1667 2915 26.
1689 2890 1716 2915 A
1737 2888 1768 2915 in

452 2945 565 2972 marg:
589 2937 788 2972 siipposicio.
829 2936 867 2962 15:
889 2944 982 2964 omne
1004 2944 1110 2964 unum.
1255 2935 1291 2962 31.
1315 2935 1353 2962 B:
1375 2935 1458 2971 quod
1480 2940 1524 2963 est
1545 2936 1703 2963 dominus.
