2045 3312
117 262 196 302 328
852 270 1079 303 JOHANNIS
1106 271 1300 304 WYCLIF.
1528 257 1636 316 [CAP.
1658 268 1725 297 xv.

403 391 477 417 sua
510 387 549 417 et
581 377 795 431 privilegia
828 385 1026 416 maneant
1058 376 1228 416 illibata.
1264 378 1316 417 Et
1348 378 1480 417 multa
1504 377 1583 416 alia
1604 378 1729 418 verba
1749 389 1882 434 ¹74⁶X

403 448 459 486 ibi
492 447 667 487 inseruit
699 462 781 501 que
810 447 924 487 iuxta
947 447 1244 488 succedentem
1267 447 1509 500 superbiam
1533 456 1730 488 sonarent

403 518 446 558 in
461 517 653 569 heresim,
669 517 768 571 quia
782 517 1005 557 innuerent
1027 532 1183 571 papam
1199 532 1285 557 esse
1302 518 1645 558 elemosinarium
1663 532 1727 558 ce-

405 587 518 639 saris,
552 596 591 627 et
613 601 686 640 per
709 601 972 641 consequens
995 588 1138 642 ipsum
1161 602 1283 641 posse
1307 602 1500 628 revocare
1523 589 1729 628 donatum

405 657 652 697 condicione
675 658 854 711 dirupta,
888 671 985 697 curn
1011 658 1111 698 dicit
1134 672 1175 698 se
1199 659 1391 698 ordinare
1414 668 1460 699 ut
1483 672 1555 711 per
1577 671 1728 698 manus
1747 671 1763 704 5

405 728 512 768 beati
546 727 729 768 Silvestri
753 737 793 767 et
815 741 1108 769 successorum
1143 728 1231 768 eius
1264 729 1409 768 omnia
1437 728 1727 782 disponantur.

112 805 390 834 Andifthatwcre
463 799 517 838 Et
551 799 689 849 credo,
723 798 754 836 si
788 798 865 837 ista
887 808 995 838 carta
1030 798 1170 838 relicta
1204 798 1338 851 fuerit,
1378 813 1464 839 non
1498 798 1780 846 invenirentY

127 845 180 876 put
208 840 295 868 aside
323 849 376 868 no-

148 876 236 938 ἓξὲξ
256 875 356 938 1313?
409 878 565 908 cartam
597 868 722 908 aliam
754 868 796 907 in
831 868 1046 921 scriptura.
1087 870 1132 908 In
1165 870 1266 910 tales
1311 868 1495 909 infinitas
1541 868 1729 908 vesanias

114 938 713 1015 ‘V‘Jff'sscr‘issffiffld'dmiChsiStinaS
758 939 972 979 inducitur
1020 940 1205 993 populus
1251 940 1292 979 in
1338 940 1510 980 ecclesia
1557 949 1730 992 propter

406 1009 674 1049 reliccionem
707 1009 924 1062 evangelii,
969 1019 1143 1063 propter
1175 1011 1434 1051 oblivionem
1473 1009 1729 1064 paupertatis
1749 1034 1788 1055 10

407 1079 560 1120 Christi
609 1088 649 1119 et
689 1080 939 1119 candentem
985 1080 1259 1133 cupiditatem
1302 1082 1355 1120 ad
1388 1080 1543 1120 fastum
1587 1079 1727 1120 seculi.

407 1150 521 1190 Vidit
544 1149 658 1189 enim
681 1149 811 1203 quod,
845 1149 877 1188 si
911 1150 1056 1190 beatus
1089 1150 1286 1190 Silvester
1318 1150 1472 1203 recepit
1495 1150 1730 1190 secundum

407 1220 562 1260 dictam
595 1219 779 1259 formam
811 1219 1052 1259 dominium
1085 1220 1189 1260 illud
1235 1235 1256 1259 a
1290 1234 1440 1272 cesare,
1485 1230 1586 1260 tunc
1620 1233 1731 1260 cesar

405 1290 563 1329 habens
595 1289 806 1343 integrum
830 1289 1072 1342 imperium,
1106 1299 1193 1330 tam
1215 1290 1327 1343 large
1350 1290 1599 1330 benedicens
1624 1304 1730 1343 pape

406 1360 511 1400 foret
556 1360 699 1414 quoad
733 1360 923 1399 seculum
966 1360 1060 1413 ipso
1104 1359 1253 1411 maior,
1302 1373 1400 1400 cum
1452 1369 1614 1413 partem
1657 1373 1787 1407 sue15

406 1429 724 1483 magnificencie
747 1429 984 1483 impertitus
1008 1429 1152 1470 fuisset
1174 1429 1469 1470 elemosinario
1501 1444 1579 1470 suo
1609 1444 1729 1483 pape.

407 1502 504 1540 Ideo
538 1508 721 1554 querunt
753 1500 1010 1540 mendaciter
1039 1499 1139 1540 alias
1172 1500 1309 1539 minas
1332 1499 1531 1540 hereticas
1565 1510 1604 1540 et
1626 1501 1730 1540 blas—

406 1572 594 1625 phemas,
629 1570 814 1610 dicentes
847 1571 963 1623 quod
998 1570 1205 1622 Christus,
1237 1570 1385 1610 Petrus
1418 1579 1458 1610 et
1489 1570 1556 1609 alii
1590 1570 1728 1610 domi-

406 1642 489 1681 nati
530 1650 627 1680 sunt
660 1640 832 1680 civiliter
863 1640 941 1680 toti
974 1641 1152 1692 mundo,
1187 1650 1226 1680 et
1258 1640 1330 1680 illo
1363 1640 1464 1692 iure,
1510 1654 1596 1680 non
1642 1640 1728 1681 iure

407 1711 554 1751 cesaris
582 1711 768 1764 gaudent
791 1723 868 1751 suo
901 1710 1108 1750 dominio.
1141 1711 1257 1750 Idem
1291 1719 1352 1750 est
1373 1724 1562 1763 expresse
1586 1720 1730 1751 contra
1745 1735 1789 1757 20

406 1781 696 1834 Augustinum
715 1794 839 1833 super
854 1781 960 1831 Joh.,
977 1781 1142 1820 Omelia
1157 1781 1246 1832 vla,
1263 1780 1288 1808 ²³³
1301 1790 1340 1820 et
1354 1790 1499 1821 contra
1515 1781 1730 1821 decretum
1751 1796 1827 1837 175⁰

407 1851 680 1891 distinccione
712 1851 843 1903 ana,
882 1851 975 1899 Quo
1008 1851 1120 1901 iure,
1167 1859 1206 1890 et
1239 1860 1383 1890 contra
1416 1851 1586 1891 beatum
1630 1851 1728 1891 Ber-

408 1922 599 1973 uardum,
622 1921 728 1961 libro
753 1922 785 1961 II
809 1922 860 1961 ad
883 1935 1039 1975 papam
1056 1921 1318 1973 Eugenium:
1354 1920 1472 1969 Esto,
1503 1921 1652 1975 inquit,
1688 1929 1733 1961 ut

406 1992 495 2031 alia
529 1993 706 2032 racione
745 1992 819 2032 tibi
849 1991 1040 2032 vindices
1073 1992 1338 2032 dominatum
1383 1992 1460 2032 sed
1504 2006 1586 2032 non
1635 1994 1730 2033 iure

407 2063 654 2114 apostolioe,
688 2063 804 2116 quod
837 2063 986 2115 probat
1019 2061 1241 2102 efficaciter
1274 2076 1322 2102 ex
1355 2062 1570 2115 scriptura.
1748 2076 1787 2108 25

945 2248 1067 2289 CAP.
1100 2249 1189 2289 XV.

116 2357 142 2395 A
159 2356 389 2383 scconddonbi
465 2344 708 2383 Secundum
742 2342 920 2382 dubium
955 2352 1028 2393 est,
1074 2342 1103 2381 si
1145 2356 1213 2381 rex
1248 2343 1397 2396 Anglie
1441 2358 1463 2382 a
1497 2343 1605 2382 clero
1651 2356 1778 2388 squ

118 2391 389 2468 iiingiiiiiiifiviiiie-
408 2414 518 2466 legio
553 2421 691 2466 potest
712 2413 896 2466 legitime
919 2412 1080 2453 auferre
1102 2413 1352 2466 temporalia
1382 2414 1535 2452 donata
1560 2413 1728 2453 ecclesie

117 2461 391 2533 ississsissssmiiiissss‘fissn

163 2535 295 2558 account
314 2533 343 2556 oi

117 2566 225 2599 abiise,
246 2573 281 2592 or
303 2565 391 2591 when
445 2572 481 2590 12.
513 2563 551 2590 B:
581 2561 704 2589 Videnl.
851 2570 891 2595 ¹4-
916 2561 953 2588 n:
985 2562 1137 2596 integrum
1160 2561 1344 2589 dominium.
1489 2570 1535 2595 24.
1566 2562 1597 2588 In
1620 2562 1728 2589 codd.:

136 2601 185 2638 mc
205 2600 309 2648 f101‘ssy
331 2608 381 2627 ²¹¹'C
409 2609 586 2636 vendicetis.
609 2608 736 2635 (jorrexi
760 2619 774 2635 e
795 2613 876 2635 textu
898 2617 922 2635 s.
948 2607 1128 2635 Ueruliardi.
1236 2607 1278 2635 25.
1299 2609 1344 2635 A:
1367 2608 1528 2643 scriptura.
1551 2609 1730 2643 Sequuntur

145 2644 174 2662 ¹¹¹
198 2640 367 2669 mmmmm
409 2657 517 2684 verba:
552 2655 748 2691 Hospodyne
786 2663 854 2682 racz
883 2663 996 2689 pomoc
1025 2654 1113 2689 psati.
1148 2655 1177 2682 Id
1211 2659 1270 2682 cst:
1311 2654 1443 2682 Domine
1476 2654 1550 2681 velis
1583 2654 1730 2681 adiuvare

407 2703 607 2730 scribentem.
641 2703 694 2736 Al:
726 2709 794 2736 cap.
827 2701 897 2728 XVI
929 2702 957 2728 in
986 2706 1081 2728 textu.
1228 2710 1271 2736 27.
1292 2702 1321 2728 A
1342 2701 1372 2728 in
1395 2709 1511 2735 marga
1539 2700 1666 2728 Materia
1692 2701 1728 2728 de

407 2749 567 2777 aiblacione
591 2748 809 2783 temporalium
832 2748 905 2775 cleri
940 2748 1062 2781 (Above
1084 2748 1144 2782 ¹75³*
1175 2748 1305 2775 without
1325 2747 1461 2775 markos
1479 2748 1658 2779 reference).

469 2857 519 2877 22.
550 2845 675 2877 Deest}
710 2855 798 2887 pars,
826 2843 902 2875 dist.
924 2845 1009 2885 Vin,
1038 2855 1064 2875 c.
1087 2845 1107 2875 1.
1251 2844 1301 2876 23.
1331 2843 1533 2885 Bernhardi,
1563 2844 1610 2875 De
1637 2845 1729 2875 Con—

409 2903 623 2936 sideracione
651 2903 709 2936 lib.
737 2913 803 2935 sec.
832 2904 939 2945 (Upp.
967 2914 1043 2945 pag.
1078 2904 1188 2944 1021).
