2045 3312
333 293 422 321 CAP.
445 282 543 341 xix]
846 295 904 326 DE
934 293 1165 326 ECCLESIA.
1862 282 1944 332 459

185 412 216 446 O
242 415 318 456 192¹·
333 415 498 441 necesse
530 401 581 441 sit
613 414 691 440 nos
723 401 764 439 in
798 400 883 440 vita
914 400 1131 439 intendere
1163 398 1291 451 signis
1315 397 1581 438 sensibilibus
1613 397 1653 435 in
1670 404 1818 467 ngtetnxjfl
1838 409 1946 466 rentusslt1

332 473 486 526 quibus
518 480 598 511 stat
629 471 762 510 modo
791 484 868 509 suo
894 469 1116 509 christiana
1138 468 1298 522 religio,
1322 482 1420 508 cum
1444 470 1650 508 debemus
1706 448 1910 503 >2101-33neents.
1931 450 1946 466 μ

334 543 499 582 credere
531 542 648 595 quod
683 541 828 580 omnia
861 548 1121 580 sacramenta
1154 538 1363 579 sensibilia
1408 539 1483 579 rite
1528 538 1652 577 mini-

333 620 457 652 strata
488 611 644 651 habent
676 610 903 650 efficaciam
937 610 1175 649 salutarem.

283 691 318 724 P
393 682 476 722 Sed
508 682 549 720 in
581 682 662 721 isto
696 690 777 721 stat
811 680 1045 734 periculum
1082 679 1301 719 militantis
1338 679 1508 719 ecclesie
1542 679 1656 732 quod
1671 683 1740 711 The
1776 684 1893 719 danger
1922 684 1947 711 is

302 752 584 794 1iudaizando
608 752 843 791 secundum
865 764 1038 790 sensum
1071 751 1283 789 carnalem
1316 749 1436 802 signa
1462 749 1531 788 illa
1556 762 1655 788 cum
1671 720 1944 789 attgliffilminilgrgaid

331 822 632 862 tradicionibus
666 822 862 860 humanis
895 821 989 874 plus
1038 820 1123 859 suis
1157 820 1328 874 signatis
1370 791 1934 887 prepondesetihlll'lsllilglllgd

293 892 397 934 evel
450 893 582 932 eciam
633 892 771 944 legem
815 891 891 930 Dei
936 891 1031 943 plus
1075 891 1261 930 attendat
1305 890 1462 930 iudicio
1511 903 1656 929 sensus
1738 881 1755 895 ὗ
1823 881 1839 896 0
1940 880 1946 886 ⁸

333 962 524 1016 corporei
565 976 695 1016 quam
739 961 865 1001 oculo
913 960 1067 1000 mentis
1100 962 1166 1000 vel
1199 960 1331 1000 eciam
1363 960 1513 1000 lumini
1546 959 1654 998 fidei.

281 1051 318 1072 10
336 1034 388 1072 Et
421 1035 800 1086 correspondentes
832 1033 885 1071 ad
916 1031 1022 1071 istos
1044 1040 1188 1071 motus
1220 1031 1359 1070 anime
1394 1045 1522 1084 opera
1555 1044 1654 1069 con-

335 1112 545 1154 secuntur,
590 1103 702 1142 unde
735 1103 787 1142 ad
819 1102 1062 1142 elidendum
1096 1102 1227 1141 istum
1259 1115 1441 1141 errorem
1464 1100 1656 1141 Christus

335 1173 542 1213 ordinavit
575 1186 652 1212 nos
685 1172 726 1211 in
760 1171 841 1212 fide
873 1173 1010 1212 vivere
1044 1181 1083 1212 et
1113 1173 1306 1212 membra
1337 1171 1483 1211 matris
1516 1180 1656 1210 nostre

331 1243 636 1297 particulariter
652 1243 857 1296 ignorare,
891 1257 942 1282 ne
957 1244 1051 1297 quis
1075 1253 1294 1296 presumat
1309 1256 1350 1281 se
1367 1242 1565 1282 extollere
1592 1242 1657 1280 vel

332 1314 534 1367 exigendo
557 1314 805 1366 temporalia
829 1314 1039 1367 gentiliter
1060 1327 1082 1352 a
1104 1313 1193 1364 lege
1224 1312 1425 1365 scripture
1452 1313 1656 1364 recedere,

280 1384 503 1424 15sciendo
544 1385 661 1437 quod
706 1384 820 1423 nulla
853 1383 1133 1437 solempnitas
1165 1383 1231 1422 vel
1262 1382 1436 1422 tradicio
1472 1383 1657 1421 humana

334 1454 431 1494 facit
479 1454 699 1494 hominem
750 1463 876 1507 caput
918 1454 984 1493 vel
1038 1453 1282 1492 membrum
1329 1462 1469 1492 sancte
1514 1451 1658 1491 matris

334 1525 503 1564 ecclesie
554 1533 627 1565 aut
672 1525 826 1565 Christi
876 1524 1078 1564 vicarium
1129 1523 1216 1562 nisiv
1262 1523 1453 1576 specialis
1504 1521 1659 1562 Christi

333 1595 470 1647 gracia
502 1604 541 1635 et
573 1594 759 1634 imitacio
784 1595 940 1635 Christi
975 1594 1014 1633 in
1049 1594 1252 1633 moribus.
1291 1592 1472 1633 Ulterius
1495 1592 1660 1631 videtur

334 1666 451 1719 quod
469 1679 556 1704 non
579 1665 673 1705 licet
696 1679 799 1718 pure
823 1665 973 1705 clerico
1002 1664 1044 1703 in
1076 1678 1200 1704 causa
1224 1672 1263 1703 et
1286 1677 1465 1716 persona
1488 1661 1659 1716 propria
1687 1673 1848 1713 Noscieric
1870 1681 1940 1709 may

280 1750 319 1771 20
337 1736 479 1775 fratres
527 1749 626 1774 suos
679 1735 953 1788 corporaliter
1000 1749 1077 1788 pro
1127 1733 1434 1787 temporalibus
1488 1732 1657 1772 ecclesie
1694 1708 1934 1779 adfigi-aligios.

336 1818 586 1858 expugnare.
652 1805 769 1844 Patet
830 1804 905 1844 sic:
959 1803 1082 1843 Clero
1145 1804 1287 1842 minus
1338 1804 1585 1854 elongatum
1637 1817 1659 1841 a

335 1875 418 1914 vita
451 1874 680 1927 apostolica
725 1883 785 1914 est
828 1874 1006 1914 omnino
1050 1874 1258 1923 illicitum,
1299 1882 1338 1913 et
1376 1873 1509 1926 magis
1544 1873 1658 1911 elon-

337 1955 483 1998 gatum
529 1954 589 1984 est
634 1944 767 1997 magis
813 1943 1019 1994 illicitum,
1066 1944 1137 1982 sed
1181 1943 1297 1983 iuxta
1342 1942 1661 1982 conclusionem

340 2014 522 2067 primam
561 2014 720 2054 clerum
761 2016 1013 2055 contendere
1058 2014 1099 2052 in
1147 2013 1237 2053 foro
1271 2012 1550 2053 ecclesiastico
1584 2027 1659 2065 pro

281 2085 594 2138 25patrimonio
629 2084 785 2124 Christi
820 2094 881 2124 est
914 2084 1093 2123 omnino
1135 2084 1341 2135 illicitum,
1391 2097 1489 2137 ergo
1523 2084 1660 2122 multo

338 2155 470 2207 magis
520 2155 662 2208 ipsum
714 2154 910 2194 bellando
971 2168 1047 2207 pro
1104 2154 1410 2207 temporalibus
1467 2154 1661 2192 invadere

340 2225 509 2265 fratrem
544 2238 683 2276 suum,
718 2238 815 2263 nam
851 2238 948 2264 cum
982 2224 1033 2264 sit
1065 2239 1088 2264 a
1110 2224 1194 2263 vita
1227 2232 1266 2263 et
1289 2224 1479 2262 doctrina
1504 2223 1659 2263 Christi

340 2295 470 2348 tnagis
494 2304 751 2343 extraneum,
770 2294 875 2334 foret
899 2295 1100 2334 sacerdoti
1119 2293 1275 2334 Christi
1299 2293 1431 2347 magis
1455 2294 1660 2334 illicitum.

341 2366 411 2405 Ille
443 2379 540 2418 ergo
575 2365 645 2419 qui
679 2374 895 2418 pateretur
928 2364 1113 2415 iniurias,
1148 2372 1376 2417 antequam
1409 2378 1507 2403 cum
1541 2364 1661 2403 fratre

283 2437 324 2469 30
340 2450 416 2476 suo
441 2436 727 2486 contenderet,
752 2444 962 2488 pateretur
986 2434 1170 2485 iniurias,
1195 2444 1422 2488 antequam
1439 2434 1661 2487 spoliando

342 2507 451 2545 bona
483 2515 629 2546 nature
676 2505 845 2545 fratrem
890 2519 1017 2545 suum
1048 2505 1273 2544 invaderet.
1322 2505 1442 2545 Unde
1482 2518 1662 2555 magnus

340 2577 502 2617 videtur
545 2576 730 2616 defectus
780 2576 821 2614 in
874 2575 1026 2615 nostris
1078 2575 1322 2614 doctoribus
1377 2575 1447 2627 qui
1493 2574 1663 2613 dimissa

341 2648 454 2687 scola
486 2645 639 2687 Christi
680 2646 721 2685 in
755 2646 974 2699 sequendo
1005 2645 1145 2698 ipsum
1181 2654 1220 2685 et
1252 2645 1457 2698 paciendo
1492 2644 1661 2684 iniurias

392 2793 416 2821 5.
438 2796 465 2821 A
486 2795 516 2822 in
538 2802 652 2829 marg.:
675 2794 862 2822 Periculum.
942 2802 971 2830 9.
993 2793 1033 2821 B:
1064 2794 1174 2821 lumini
1195 2794 1290 2822 deest.
1374 2803 1416 2828 14.
1444 2795 1470 2821 A
1494 2795 1522 2820 in
1545 2802 1662 2829 marga

341 2840 521 2868 Conclusio.
636 2840 676 2868 18.
699 2842 726 2868 A
748 2840 777 2867 in
800 2848 916 2875 marg:
945 2840 1061 2874 Quinta
1082 2841 1254 2868 conclusio.
1277 2841 1347 2868 Non
1369 2842 1437 2868 licet
1452 2849 1528 2875 pure
1549 2841 1661 2868 clerico

343 2887 486 2914 invadere
503 2887 629 2914 fratrem
649 2895 741 2914 suum
764 2892 889 2921 propter
903 2888 1088 2921 temporalia
1103 2895 1159 2914 nec
1175 2888 1242 2914 licet
1258 2887 1317 2914 sibi
1335 2892 1367 2914 ut
1379 2895 1436 2921 pro
1452 2887 1511 2913 illis
1535 2892 1660 2921 pugnet.

339 2941 379 2960 21.
403 2933 520 2961 Codd.:
542 2942 755 2969 expungnare.
773 2934 866 2961 ibid.:
884 2932 975 2961 Clero
992 2934 1050 2962 cui.
1144 2935 1238 2962 2611]
1254 2935 1352 2961 cod'd:
1369 2933 1499 2967 talibus5
1523 2933 1660 2961 Correxi.
