2045 3312
117 776 283 803 Faiscncss
311 777 345 804 of

118 812 168 838 tlie
190 812 253 838 sule
275 813 339 839 lliat

90 847 140 873 the
168 848 270 882 clergy
299 856 368 884 may

109 886 162 908 not
191 889 256 916 part
279 883 349 909 wilh

117 917 193 943 {lieir
214 918 343 944 cndow-

171 959 282 980 ments.

127 1185 274 1220 Example
300 1187 334 1214 of

107 1220 179 1248 l'aul
202 1223 261 1248 and
281 1224 346 1249 Au-

160 1264 293 1291 gastine.

88 1547 136 1573 All
149 1549 258 1575 orders
271 1548 363 1575 could

115 1588 191 1610 exist
212 1592 245 1610 as
266 1584 333 1610 well

86 1617 216 1645 without
239 1619 363 1646 endon--

97 1659 180 1680 ment
201 1655 261 1680 and
285 1662 354 1689 may

85 1688 239 1715 therefore
268 1689 361 1716 reliu—

150 1724 240 1758 quisli
263 1724 294 1750 it*

118 2527 158 2553 So
183 2536 252 2563 may
274 2527 323 2554 lile

178 2562 269 2598 l'ope,

807 305 1031 337 ionANNJs
1058 305 1255 337 WYCLIF.
1498 292 1602 351 [ow.
1626 303 1707 330 xv1.

383 408 560 448 minium
604 421 816 449 remaneat
848 419 950 463 aput
985 410 1208 450 dominum
1245 412 1486 452 secularem.
1523 411 1740 455 Ulterius1
1764 423 1803 456 R

383 479 489 519 sicut
533 480 685 519 doctor
729 481 922 520 concedit
965 482 1083 534 quod
1130 490 1189 521 est
1233 482 1283 520 de
1334 481 1523 522 libertate
1567 482 1706 521 domi·
1729 479 1807 513 181‘¹

383 563 534 589 norum
561 551 808 590 secularium
845 551 960 604 quod
985 561 1166 604 possunt
1198 551 1417 591 transferre
1449 551 1514 591 ius
1537 561 1575 592 et
1608 567 1707 605 pos-

382 620 589 660 sessiones
627 620 666 659 in
708 621 826 671 alios,
871 621 927 660 sic
973 622 1219 661 concederet
1264 621 1503 661 evidencius
1542 622 1624 661 hoc
1657 623 1708 662 de

383 691 508 742 clero,
540 705 633 730 cum
670 691 776 730 laico
811 691 862 730 sit
894 691 1026 745 magis
1060 701 1238 744 cognata
1263 691 1456 731 secularis
1479 692 1740 744 possessi0.5

441 761 558 812 Item,
599 775 685 800 non
720 762 899 801 dubium
931 762 1033 815 quin
1066 763 1177 801 clero
1227 771 1367 815 potest
1400 776 1550 802 nocere
1587 771 1747 805 terre-2

384 845 537 871 norum
586 831 767 880 habicio‚
815 832 845 871 si
895 846 994 884 ergo
1053 846 1140 871 non
1173 833 1313 872 liceret
1358 832 1433 872 sibi
1479 842 1579 872 tunc
1618 832 1707 885 ipsa

383 901 629 954 relinquere,
655 902 746 955 ipse
781 902 889 942 foret
922 912 1067 943 contra
1100 904 1238 956 legem
1267 903 1342 943 Dei
1374 903 1471 956 ipsis
1501 903 1706 942 diabolice

383 973 625 1024 copulatus,
659 972 852 1012 Christus
887 972 999 1012 enim
1033 974 1216 1026 precepit
1248 974 1332 1013 suis
1356 973 1561 1026 apostolis
1585 987 1706 1013 mun-

383 1042 489 1081 dana
512 1042 758 1096 relinquere.
782 1043 937 1083 Paulus
962 1057 1056 1083 cum
1083 1043 1223 1096 potuit
1244 1043 1438 1083 habuisse
1460 1044 1541 1083 vite
1564 1057 1703 1083 neces·
1727 1063 1764 1084 ω

383 1112 488 1151 saria
520 1113 569 1151 de
603 1112 854 1162 Corinthiis,
890 1127 976 1153 non
1012 1128 1111 1153 usus
1145 1114 1221 1154 suit
1255 1114 1323 1154 illa
1371 1123 1590 1167 potestate,
1633 1115 1705 1154 sed

383 1192 421 1222 et
450 1183 714 1236 Augustinus
744 1184 907 1237 rogavit
931 1184 1038 1223 cives
1071 1198 1172 1223 suos
1201 1184 1381 1237 recipere
1415 1184 1703 1237 possessiones

381 1267 484 1306 quas
531 1253 605 1292 sibi
640 1254 912 1293 donaverant.
978 1256 1117 1303 Quare
1151 1269 1251 1308 ergo
1291 1269 1378 1293 non
1417 1255 1558 1308 potuit
1596 1270 1704 1308 papa

380 1334 419 1363 et
451 1323 626 1376 quilibet
664 1325 768 1364 alius
814 1325 907 1365 cleri
943 1326 1113 1364 dotatus
1160 1325 1402 1378 capitaneus
1446 1325 1502 1364 sic
1537 1325 1703 1377 fecisse3

380 1393 436 1432 illi
471 1394 580 1433 enim
615 1395 761 1435 utilius
794 1405 1075 1449 procurarunt
1107 1410 1185 1448 pro
1219 1410 1368 1449 genere
1401 1396 1496 1436 cleri
1529 1404 1702 1449 postero
1725 1403 1760 1434 15

380 1478 505 1517 quam
542 1465 748 1505 Silvester.

438 1535 554 1585 Item,
590 1550 675 1574 non
711 1550 757 1575 ex
792 1536 1016 1576 dot-acione
1051 1550 1212 1576 cesarea
1259 1536 1529 1576 constituitur
1567 1544 1744 1576 novusss

380 1606 486 1644 ordo
522 1606 615 1645 cleri
650 1606 720 1659 qui
755 1606 842 1645 sine
876 1606 1102 1646 dotacione
1136 1606 1382 1646 huiusmodi
1418 1621 1504 1645 non
1538 1606 1702 1658 fuisset3

380 1675 556 1728 quilibet
589 1691 690 1729 ergo
725 1677 831 1715 ordo
866 1677 959 1717 cleri
995 1678 1136 1730 potuit
1180 1677 1306 1717 fuisse
1350 1678 1437 1716 sine
1476 1677 1703 1716 dotacione

376 1746 622 1786 huiusmodi
658 1760 752 1786 cum
788 1756 902 1787 ‘tanta
930 1747 1199 1800 religiositate
1233 1747 1391 1787 ordinis
1423 1746 1529 1788 sicut
1552 1748 1700 1786 modo.
1718 1763 1761 1785 20

378 1817 438 1855 Ex
473 1830 559 1869 quo
609 1816 798 1870 sequitur
844 1818 961 1870 quod
1007 1818 1180 1857 dotacio
1230 1817 1320 1858 talis
1355 1831 1607 1871 quecunque
1641 1826 1702 1856 est

377 1886 514 1925 ordini
549 1887 643 1926 cleri
678 1887 972 1940 impertinens3
996 1887 1114 1927 aliter
1147 1888 1256 1927 enim
1292 1888 1333 1926 in
1369 1887 1700 1941 spoliacionibus

376 1958 604 1997 domorum
641 1957 934 2011 religiosarum
979 1967 1018 1998 et
1061 1957 1103 1997 in
1149 1958 1453 2011 conquestibus
1498 1966 1698 1997 terrarum

375 2028 686 2067 destruerentur
737 2027 1118 2081 proporcionaliter
1170 2028 1587 2081 possessionatorum
1633 2042 1700 2067 or-

374 2098 506 2147 dines,
540 2107 579 2138 et
602 2098 659 2137 sic
677 2097 934 2138 variarentur
958 2098 1126 2137 ordines
1149 2098 1204 2138 illi
1229 2098 1622 2152 proporcionaliter,
1656 2108 1701 2139 ut
1718 2103 1757 2136 25

376 2168 546 2207 dotacio
579 2168 772 2220 variatur,
803 2169 921 2222 quod
951 2168 1156 2208 dementis
1190 2177 1251 2208 est
1283 2168 1430 2209 dicere.
1464 2168 1579 2209 Sicut
1602 2183 1700 2222 ergo

378 2238 418 2277 in
453 2238 588 2292 prima
621 2239 847 2278 dotacione
880 2252 955 2277 sua
987 2238 1128 2291 potuit
1160 2238 1382 2292 religiosus
1410 2238 1701 2291 possessiones

377 2308 539 2348 oblatas
572 2308 818 2362 relinquere,
854 2308 910 2348 sic
943 2309 1077 2347 modo
1102 2317 1199 2361 post
1219 2308 1547 2361 possessionem,
1581 2310 1700 2362 quod

376 2378 407 2417 si
441 2378 688 2430 generaliter
733 2378 969 2418 voluntarie
1014 2377 1142 2429 fieret,
1188 2386 1374 2417 maneret
1433 2378 1542 2417 idem
1591 2379 1697 2418 ordo

376 2447 604 2500 perfeccior
635 2461 761 2501 quam
798 2457 858 2487 est
890 2448 1037 2487 modo.
1714 2450 1756 2483 30

432 2518 548 2569 Item,
577 2518 689 2557 iuxta
722 2526 829 2557 tacta
862 2532 971 2571 papa
1003 2518 1148 2558 videns
1181 2517 1484 2557 dissensionem
1520 2518 1615 2557 oriri
1649 2522 1738 2557 ex4
1765 2522 1793 2555 S

375 2587 663 2640 occupacione
697 2588 827 2627 civilis
861 2588 1054 2639 dominii,
1089 2597 1128 2628 et
1160 2588 1236 2627 sibi
1269 2601 1315 2627 ac
1349 2588 1459 2627 clero
1505 2602 1584 2627 suo
1625 2602 1697 2641 per

374 2658 578 2697 seculares
612 2671 736 2710 posse
770 2658 984 2710 procurari
1024 2657 1257 2697 subsidium
1293 2657 1333 2695 in
1367 2670 1463 2696 casu
1496 2670 1583 2710 quo
1618 2657 1696 2696 illis

373 2727 721 2766 dominacionem.
755 2728 865 2767 illam
900 2727 1166 2780 relinqueret,
1214 2740 1300 2765 non
1336 2726 1443 2766 foret
1475 2727 1624 2779 plenus
1656 2736 1696 2766 et

424 2905 444 2924 1.
466 2898 537 2925 Ain
555 2905 669 2933 marga
690 2896 783 2925 Nota.
899 2897 928 2925 6.
950 2906 977 2934 7.
1000 2897 1039 2924 1³:
1061 2903 1258 2926 terrenorum
1281 2904 1342 2925 non
1359 2897 1470 2925 abicio.
1580 2897 1625 2929 25.
1645 2898 1692 2925 A:

372 2943 672 2978 proporcionabiter.
