2045 3312
278 258 368 288 CAP.
392 246 464 305 V1.]
796 259 856 290 DE
884 259 1119 291 ECCLESJA.
1811 250 1884 288 123

126 379 163 413 G
188 379 263 421 1450
335 367 417 407 Sed
430 366 608 406 instatur
622 366 751 419 quod,
769 364 877 405 sicut
892 377 1041 404 omnes
1056 373 1194 417 partes
1211 363 1597 417 predestinatorum

277 447 375 478 sunt
405 446 542 491 partes
574 436 758 485 ecclesie,
792 435 849 476 ita
881 435 1027 476 omnia
1060 434 1194 488 capita
1211 434 1598 488 predestinatorum

277 518 374 549 sunt
396 506 565 548 ecclesie
588 506 736 560 capita,
762 516 802 547 et
824 506 881 547 sic
905 515 1031 559 caput
1053 514 1329 560 aggregatum
1351 503 1457 544 foret
1474 515 1598 558 caput

276 578 458 619 ecclesie.
491 577 571 617 Hic
594 576 744 617 dicitur
775 574 842 632 (ut
864 589 989 630 supra
1010 574 1145 631 tetigi)
1179 576 1296 630 quod
1318 574 1422 614 illud
1444 575 1595 628 proba-

243 662 260 695 5
276 649 410 689 biliter
434 647 608 688 concedi
630 656 772 700 potest
795 648 844 687 de
868 647 1002 701 capite
1025 645 1204 687 naturali
1238 654 1292 697 et,
1324 644 1597 699 intelligendo

276 718 493 759 ecclesiam
524 717 796 772 personaliter
810 726 856 758 ut
888 731 961 771 per
992 716 1184 757 accidens
1206 718 1273 757 vel
1294 715 1599 769 contingenter,

275 799 336 830 est
367 788 550 840 ecclesia,
574 802 672 828 cum
703 797 840 842 partes
872 787 1149 842 quantitative
1181 785 1452 840 predestinati
1486 786 1597 826 ordi-

273 869 427 900 nantur
457 860 508 899 ad
540 858 855 900 beatitudinem.
889 858 970 899 Sed
991 857 1121 898 locuti
1146 871 1292 898 sumus
1315 856 1600 897 communiter

275 929 476 984 equivoce
508 930 558 969 de
591 929 738 983 capite,
774 938 820 970 ut
853 938 914 970 est
952 941 1133 982 persona
1163 941 1310 981 regens
1350 926 1600 980 capitaliter;

223 1024 261 1046 10
277 1001 392 1055 quod
425 1009 486 1041 est
526 999 696 1040 Christo
737 999 957 1054 proprium
1002 999 1144 1053 quoad
1187 1007 1321 1038 totam
1368 997 1599 1038 ecclesiam.

336 1071 499 1120 Quarto
517 1070 704 1123 arguitur
718 1084 792 1124 per
807 1071 887 1110 hoc
908 1070 1024 1124 quod
1042 1069 1156 1110 iuxta
1175 1069 1283 1109 dicta
1306 1067 1476 1109 ecclesia
1495 1067 1603 1109 foret

276 1154 348 1194 per
378 1149 518 1180 totum
549 1150 718 1194 tempus
740 1140 891 1181 veteris
913 1139 1153 1180 testamenti
1175 1139 1386 1193 acephala,
1411 1152 1460 1178 eo
1484 1139 1602 1193 quod
1615 1160 1643 1184 4.
1672 1150 1741 1177 The
1768 1150 1893 1177 Churcn

277 1226 362 1251 non
394 1219 535 1264 potest
566 1211 716 1250 habere
750 1220 876 1264 caput
909 1210 986 1251 nisi
1020 1209 1250 1262 Christum,
1274 1210 1347 1250 sed
1379 1218 1480 1249 tunc
1514 1184 1892 1259 nonwssfistiissavoeisstin

278 1281 424 1321 habuit
456 1280 673 1321 Christum
698 1291 838 1335 caput,
867 1295 965 1335 ergo
988 1290 1089 1321 tunc
1112 1294 1199 1320 non
1222 1280 1369 1321 habuit
1392 1289 1531 1334 caput.
1548 1280 1601 1320 Et
1615 1256 1894 1319 {iirissisivasfflriffi

224 1365 261 1397 15
277 1366 350 1406 per
371 1352 485 1392 idem
498 1351 663 1392 videtur
677 1352 795 1406 sequi
811 1353 928 1406 quod
944 1352 1091 1392 eadem
1106 1351 1278 1392 ecclesia
1293 1351 1372 1392 fuit
1394 1365 1470 1405 pro
1492 1360 1600 1391 tem·
1632 1327 1704 1354 men
1724 1331 1762 1354 ns
1783 1326 1872 1353 head.

277 1436 379 1476 pore
413 1422 612 1463 crementi
646 1422 852 1476 quotlibet
897 1423 1089 1462 membra
1121 1436 1209 1475 sua,
1243 1422 1341 1477 quia
1373 1435 1450 1476 pro
1484 1421 1601 1461 nullo

276 1493 447 1534 instanti
464 1493 541 1534 fuit
554 1493 634 1534 nisi
648 1492 790 1534 fideles
806 1493 877 1548 qui
892 1503 992 1534 tunc
1008 1493 1190 1534 fuerunt.
1208 1493 1329 1534 Unde
1344 1492 1385 1531 in
1406 1492 1600 1546 exemplo

278 1573 388 1605 tacto
407 1564 448 1603 in
472 1563 554 1603 fine
578 1564 750 1605 secundi
773 1563 1010 1618 argumenti
1027 1563 1195 1604 videtur
1217 1563 1333 1618 quod
1355 1576 1442 1602 non
1461 1571 1604 1602 manet

280 1635 427 1674 eadem
473 1635 642 1686 domus,
688 1648 944 1689 quacunque
987 1643 1104 1688 parte
1149 1635 1286 1674 ablata
1327 1634 1392 1673 vel
1437 1633 1601 1673 noviter

221 1727 264 1749 20
278 1705 485 1757 veniente,
518 1704 616 1758 quia
654 1718 727 1758 per
771 1705 882 1745 idem
925 1705 1063 1746 ablata
1100 1704 1255 1745 iterum
1295 1712 1410 1744 tanta
1448 1713 1488 1744 et
1525 1703 1605 1743 alia

280 1775 446 1815 noviter
476 1774 685 1827 veniente,
719 1784 758 1815 et
791 1775 848 1815 sic
872 1775 1057 1830 qualibet
1078 1784 1197 1829 parte
1231 1775 1386 1815 domus
1409 1784 1604 1828 corrupta

280 1855 321 1886 et
352 1859 436 1886 una
469 1846 704 1885 secundum
737 1859 778 1885 se
811 1855 945 1887 totam
978 1845 1142 1886 noviter
1174 1855 1382 1899 generata,
1415 1854 1605 1886 maneret

281 1916 429 1955 eadem
461 1916 632 1968 domus,
665 1915 772 1955 sicut
805 1925 866 1956 est
899 1916 949 1955 de
981 1916 1114 1955 domo
1149 1915 1334 1956 ecclesie.

227 1996 265 2029 H
337 1986 418 2025 Hic
441 1995 539 2026 sunt
561 1995 642 2026 tres
664 1984 943 2027 difficultates.
967 1985 1119 2037 Prima,
1143 1994 1288 2026 utrum
1310 1985 1503 2026 Christus
1527 1984 1605 2025 fuit

223 2066 263 2099 25
279 2065 374 2096 ante
418 2056 770 2108 incarnacionem,
803 2055 903 2110 quia
935 2065 1096 2096 certum
1128 2065 1189 2096 est
1222 2057 1338 2109 quod
1370 2055 1604 2096 eternaliter
1638 2065 1871 2105 c11131stbefoge

279 2127 356 2167 fuit
386 2127 562 2166 verbum
585 2126 659 2166 Dei
694 2135 733 2166 et
765 2139 931 2180 semper
953 2135 1078 2179 caput
1110 2126 1292 2168 ecclesie.
1328 2126 1408 2166 Sed
1440 2127 1605 2166 videtur
1618 2101 1899 2175 ili-tislicitariiiii-ii1‘3¹

280 2210 366 2236 non
389 2196 516 2237 fuisse
539 2205 665 2250 caput
687 2196 775 2236 eius
797 2196 1071 2236 intrinsecum
1093 2205 1321 2250 antequam
1345 2196 1423 2237 fuit
1452 2197 1601 2237 homo.
1619 2171 1895 2242 S¹tcti³gycri¹tiiic⁸i1‚⁰t

338 2267 405 2306 Ad
436 2267 540 2307 illud
579 2276 721 2307 autem
754 2266 919 2307 videtur
956 2267 1184 2307 dicendum
1216 2266 1330 2307 iuxta
1362 2281 1459 2321 sepe
1493 2268 1603 2308 dicta

281 2338 397 2392 quod
430 2337 622 2378 Christus
655 2337 698 2376 in
730 2337 868 2390 primo
902 2337 1075 2377 instanti
1113 2337 1261 2377 mundi
1304 2337 1382 2378 fuit
1420 2352 1602 2392 sponsus
1618 2347 1897 2417 aliigtvssiieffisby

225 2417 267 2450 30
283 2407 453 2448 ecclesie
484 2407 858 2460 predestinacione,
890 2407 933 2447 in
957 2407 1285 2448 confirmacione
1308 2416 1450 2448 autem
1475 2422 1599 2462 ange-
1638 2416 1894 2453 predestination.

282 2478 423 2518 lorum
456 2477 570 2517 dedit
602 2478 744 2518 dotem
779 2477 886 2531 parti
919 2491 1073 2531 sponse
1106 2492 1180 2518 sue
1213 2487 1253 2518 et
1285 2478 1342 2518 sic
1373 2478 1415 2517 in
1449 2478 1602 2519 confir-

335 2599 356 2619 1.
376 2592 405 2619 A
423 2592 454 2619 in
476 2599 590 2626 marg.:
629 2590 726 2625 Nota;
766 2591 942 2626 replicacio.
1104 2601 1134 2625 4.
1161 2592 1189 2619 A
1210 2591 1240 2619 in
1261 2600 1376 2627 marg:
1415 2591 1601 2627 Responsio.

283 2638 399 2666 Omnia
419 2639 702 2674 predestinatorum
724 2639 824 2674 capita
844 2644 916 2666 sunt
936 2639 1038 2674 capita
1058 2639 1199 2666 ecclesie.
1332 2647 1369 2666 11.
1391 2640 1420 2667 A
1440 2640 1469 2667 in
1491 2648 1601 2675 marg:

284 2684 402 2720 Quarta
422 2685 573 2713 obieccio.
763 2692 802 2712 21.
823 2686 868 2712 A:
908 2690 1098 2721 corrumpta.
1278 2693 1323 2713 22.
1344 2687 1373 2713 A
1393 2688 1449 2721 Ax:
1488 2692 1600 2714 manet.

282 2732 325 2760 25.
346 2733 374 2759 A
395 2733 425 2759 in
440 2740 557 2767 marg:
578 2731 768 2768 Responsio.
789 2732 891 2759 Prima
907 2732 1081 2760 difficultas.
1109 2732 1131 2760 B
1152 2732 1182 2759 in
1195 2740 1316 2768 marg:
1336 2732 1447 2760 Utrum
1461 2732 1602 2760 Christus

283 2778 340 2806 fuit
360 2783 428 2806 ante
441 2779 702 2807 incarnacionem.
845 2777 890 2806 30.
912 2779 984 2806 Ain
1006 2787 1120 2814 marg:
1143 2778 1284 2807 Christus
1299 2779 1329 2806 in
1350 2779 1452 2815 primo
1479 2779 1603 2807 instanti

284 2825 392 2853 mundi
412 2825 469 2853 fuit
490 2833 627 2861 sponsus
653 2826 794 2853 ecclesie.

345 2908 399 2942 30.
426 2909 476 2941 Cf.
503 2910 589 2950 Hus,
620 2910 669 2941 De
696 2909 852 2952 ecclesia,
880 2910 972 2953 Opp.
998 2918 1073 2943 tom
1100 2910 1122 2952 Ι,
1155 2909 1247 2953 Ι98“.
