2045 3312
296 273 386 302 CAP.
409 262 465 321 x]
803 276 863 307 DE
890 274 1124 307 ECCLESIA.
1820 271 1863 297 2¹
1882 273 1892 297 1

139 394 172 427 E
195 392 273 426 158²
289 382 524 436 scripturas,
549 381 614 421 Sic
630 380 743 420 enim
758 381 993 434 loquuntur
1007 388 1229 419 tractantes
1246 378 1461 418 materiam
1479 379 1529 417 de
1545 378 1607 416 in-

288 452 518 507 dulgenciis
541 450 657 505 quod
672 451 785 490 Deus
810 450 982 490 remittit
1005 450 1176 503 culpam
1200 457 1238 488 et
1261 447 1416 502 expetit
1440 461 1606 500 penam.

288 523 386 563 Ideo
418 522 665 575 impetratur
697 520 914 560 absolucio
948 528 1034 560 tam
1068 534 1090 558 a
1118 533 1228 573 pena
1251 531 1381 572 quam
1413 518 1548 570 culpa.

346 594 408 632 Ex
438 592 525 632 istis
557 599 672 645 patet
694 592 809 645 quod
844 599 922 631 stat
944 590 1164 630 hominem
1188 588 1400 629 meritorie
1424 597 1464 628 et
1485 588 1608 641 plene
1625 591 1870 655 uolgffsiiigimifasrs
1886 634 1903 653 a

254 663 494 706 ⁷§remittere
532 661 643 702 fratri
677 661 866 701 debitum
907 669 946 700 et
984 668 1127 699 tamen
1167 674 1265 699 eum
1304 659 1507 712 impetere
1540 671 1608 696 ex—
1662 662 1871 724 jgfflssffioetffi

288 732 601 774 communicare
635 740 674 771 et
703 732 1045 785 quandocunque
1078 730 1290 770 meritorie
1321 729 1509 769 occidere
1532 741 1608 781 pro
1655 707 1661 732 ι
1865 718 1871 731 '

289 804 451 843 eodem.
505 804 616 842 Nam
649 802 768 855 capio
801 802 975 841 Petrum
1007 800 1079 854 qui
1112 800 1220 840 licite
1260 800 1408 853 repetit
1442 799 1483 838 in
1517 797 1610 837 foro

288 872 561 914 contencioso
614 872 803 912 debitum
852 886 873 910 a
925 885 1002 911 suo
1054 870 1255 922 debitore,
1311 869 1491 910 Paulum
1536 868 1610 908 rite

289 943 728 984 excommunicantem
747 956 874 982 suum
897 941 1145 993 debitorem,
1169 950 1208 981 et
1225 940 1383 980 Linum
1401 939 1610 979 meritorie

233 1034 272 1056 ιο
289 1024 615 1068 persequentem
647 1027 772 1053 suum
813 1013 1047 1052 debitorem
1079 1025 1215 1065 usque
1247 1011 1297 1051 ad
1331 1020 1527 1056 mortem,
1567 1018 1613 1048 ut

293 1094 408 1139 puta,
434 1084 808 1138 decapitacionem,
843 1082 1166 1136 suspensionem
1188 1079 1253 1120 vel
1275 1081 1399 1120 aliam
1432 1089 1613 1119 mortem

291 1156 575 1208 corporalem:
609 1163 724 1208 patet
746 1153 1000 1207 possibilitas
1025 1166 1142 1192 casus
1175 1165 1222 1191 ex
1251 1151 1333 1191 hoc
1358 1151 1473 1205 quod
1497 1150 1613 1189 aliter

289 1227 399 1279 leges
443 1225 611 1265 ecclesie
657 1225 707 1264 de
746 1223 1036 1274 contencione,
1083 1221 1530 1262 excommunicacione
1575 1229 1613 1259 et

290 1295 499 1337 occisione
532 1294 759 1334 hominum
793 1293 930 1333 forent
960 1293 1152 1344 heretice,
1194 1292 1291 1347 quia
1322 1291 1402 1345 legi
1437 1290 1614 1331 caritatis

236 1365 510 1407 &contrarie
546 1366 634 1406 Stat
667 1378 764 1418 ergo
798 1364 1019 1404 hominem
1048 1362 1261 1403 meritorie
1295 1361 1441 1415 exequi
1477 1361 1613 1413 legem

291 1437 418 1476 talem
457 1445 496 1476 et
535 1450 632 1475 cum
672 1436 721 1474 de
754 1434 999 1475 necessitate
1037 1433 1181 1473 salutis
1220 1442 1385 1473 tenetur
1417 1431 1612 1471 iniuriam

291 1516 330 1547 et
353 1506 543 1546 debitum
566 1506 780 1559 spirituale
803 1505 1024 1557 remittere,
1049 1512 1164 1558 patet
1187 1502 1419 1544 conclusio.
1452 1502 1612 1541 Ymmo

291 1591 389 1617 cum
411 1577 507 1616 licet
530 1576 896 1616 excommunicare
919 1574 1161 1626 accessorie,
1185 1583 1224 1614 et
1246 1587 1319 1627 per
1342 1572 1533 1612 accidens
1558 1572 1613 1611 sic

291 1647 485 1701 persequi
518 1647 740 1687 hominem
772 1660 849 1700 pro
883 1646 1024 1685 debito
1049 1644 1269 1698 corporali,
1301 1643 1467 1683 videtur
1499 1644 1613 1696 quod

232 1736 276 1758 20
293 1726 372 1757 stat
404 1718 507 1757 illud
539 1717 749 1758 remittere
782 1726 822 1757 et
852 1726 993 1757 tamen
1027 1717 1078 1756 ad
1112 1716 1292 1755 salutem
1324 1714 1464 1754 anime
1497 1712 1612 1752 debi-

298 1788 398 1828 toris
452 1803 499 1828 ex
552 1787 719 1828 caritate
775 1787 953 1827 fraterna
1008 1785 1197 1840 quolibet
1254 1785 1434 1825 istorum
1486 1784 1612 1824 trium

292 1860 522 1898 modorum
546 1872 645 1898 eum
668 1858 861 1912 persequi
887 1866 925 1897 et
947 1867 1156 1910 torquere.
1190 1857 1328 1896 Nemo
1353 1855 1465 1894 enim
1489 1854 1613 1894 meri-

294 1929 397 1968 torie
445 1929 501 1968 sic
548 1928 817 1982 persequitur
866 1927 1151 1981 principaliter
1201 1935 1373 1979 propter
1424 1925 1614 1964 debitum

293 2000 523 2053 corporale,
564 2000 635 2039 sed
668 2008 840 2052 propter
872 1997 1087 2052 spirituale
1126 1997 1315 2036 debitum
1349 2005 1387 2036 et
1419 1995 1614 2034 iniuriam

236 2069 446 2110 23factam
468 2070 572 2121 Deo,
605 2069 945 2122 remittendoque
985 2082 1083 2108 eum
1114 2066 1258 2106 divino
1290 2066 1447 2106 iudicio
1481 2065 1616 2117 diligit

293 2140 433 2193 ipsum
466 2140 507 2179 in
542 2140 731 2180 domino.
767 2138 878 2179 Cum
912 2152 998 2192 quo
1023 2147 1102 2178 stat
1124 2138 1243 2191 quod
1276 2151 1323 2176 ex
1356 2136 1615 2176 revelacione

292 2211 357 2251 vel
389 2211 479 2264 lege
512 2210 651 2249 divina
685 2218 905 2249 moveatur
936 2208 1044 2248 licite
1078 2208 1129 2248 ad
1159 2207 1294 2248 taliter
1327 2205 1614 2254 cruciandum,

293 2281 376 2321 sive
393 2296 439 2321 ex
455 2281 545 2321 sola
560 2281 805 2321 detencione
820 2279 948 2320 debiti
965 2277 1337 2319 committaturDei
1353 2276 1515 2327 iniuria,
1532 2275 1616 2314 sive

293 2351 371 2391 alia
393 2351 689 2405 superveniens
713 2351 763 2390 sit
787 2350 1035 2401 commixta;
1058 2348 1285 2401 utrobique
1309 2347 1422 2387 enim
1446 2359 1613 2386 excom-

238 2424 279 2456 30
294 2422 533 2462 municatur
546 2421 611 2461 vel
627 2420 831 2461 occiditur
854 2419 1027 2460 confuse
1051 2432 1127 2472 pro
1151 2417 1363 2469 omnibus,
1381 2416 1487 2456 sicut
1502 2416 1615 2455 Deus

295 2493 497 2546 dampnat
528 2491 758 2545 prescitum
781 2504 858 2544 pro
882 2489 1061 2543 peccatis
1084 2488 1260 2540 singulis
1283 2501 1365 2541 que
1389 2485 1613 2527 commisit.

348 2652 372 2680 3.
394 2655 433 2687 A¹
455 2653 557 2681 addit:
586 2661 601 2680 a
622 2653 722 2688 culpa.
744 2652 771 2679 A
792 2652 822 2679 in
843 2659 960 2685 marga
983 2649 1165 2679 Conclusio.
1195 2649 1276 2677 Nota
1302 2647 1462 2684 quomodo
1487 2647 1558 2674 mali
1580 2654 1617 2672 ex

296 2700 419 2728 caritate
446 2705 517 2728 suut
538 2699 757 2736 persequendi.
901 2698 930 2726 6.
956 2699 984 2725 A
1005 2698 1063 2732 Al:
1094 2697 1394 2733 quomodocunque.
1541 2701 1566 2727 7.
1590 2693 1617 2719 Λ

299 2747 330 2774 in
350 2755 468 2782 marg:
490 2747 602 2775 Casus.
747 2754 788 2782 ¹7·
809 2747 837 2773 A
858 2746 888 2773 in
909 2753 1026 2780 1narg.:
1049 2743 1230 2772 Conclusio.

358 2866 388 2897 7.
416 2856 465 2887 De
494 2856 608 2895 Petro,
647 2853 756 2886 Paulo
786 2860 819 2883 et
850 2853 940 2883 Lino
979 2852 1021 2884 cf.
1051 2851 1193 2894 Wyclif,
1235 2852 1283 2881 De
1327 2848 1418 2880 civili
1458 2846 1616 2878 dominio

299 2924 378 2957 pag.
407 2913 459 2957 39.

1441 2964 1501 3005 14*
