2045 3312
277 242 367 271 CAP.
389 233 442 291 Χ]
773 248 834 280 ΒΕ
861 246 1095 281 ECCOEsm
1801 253 1881 292 200

127 352 497 404 157·¹Cdesideriis
541 354 779 400 innitentes,
836 354 962 406 quasi
1019 354 1400 406 contemplacionis
1442 369 1591 407 penna

269 435 363 463 sese
394 423 452 463 ad
480 423 682 463 sublimia
714 423 975 463 sublevant?

219 501 254 535 D
328 494 390 532 Ex
427 492 516 533 istis
560 492 724 532 videtur
762 493 875 533 hunc
915 504 1111 536 sanctum
1149 494 1361 534 intendere
1400 496 1517 549 quod
1548 496 1589 535 in
1618 502 1677 529 and
1699 511 1745 529 we
1766 510 1817 529 are
1839 507 1869 530 ιο

1706 546 1710 551 .
1823 536 1850 554 '2
1875 547 1880 553 ι

268 563 430 616 magnis
475 563 639 616 nupciis
687 573 827 604 sancte
872 564 1016 604 matris
1061 564 1230 605 ecclesie
1268 565 1459 605 membra
1503 566 1590 606 eius
1606 537 1876 599 tollffixffitltlffeffim

235 633 386 673 §rudia
424 634 631 687 pascenda
670 643 769 674 sunt
813 635 1006 688 exemplo
1044 645 1212 688 patrum
1251 636 1487 675 testamenti
1522 608 1805 675 κἐ-ῙἬΜΟῙΙἙΠ
1832 609 1881 635 me

267 702 362 742 teris
394 711 615 757 tamquam
648 703 840 744 carnibus
880 705 1084 744 thaurinis
1118 706 1189 759 qui
1224 714 1367 745 contra
1401 705 1589 746 infideles

267 773 327 812 usi
361 783 458 813 sunt
491 787 538 813 ex
570 775 771 814 mandato
805 775 967 815 domini
1002 775 1182 829 feritate3
1221 777 1352 816 modo
1385 790 1484 816 vero
1516 778 1587 817 ad-

266 842 457 883 veniente
483 843 653 884 Christo
685 844 912 885 mitissimo
945 846 1143 899 pascendi
1176 856 1274 887 sunt
1305 846 1465 887 laucius
1495 862 1588 887 eva-

266 913 398 953 cuatis
430 914 585 967 grossis
619 915 813 956 carnibus
852 916 1001 956 veteris
1036 917 1288 968 testamenti,
1327 917 1369 956 in
1403 919 1589 957 secundo

211 982 422 1024 roferculo
468 985 567 1024 novi
606 986 844 1026 testamenti
883 987 1086 1039 porrectis
1125 987 1183 1026 eis
1221 988 1425 1039 altilibus;
1473 989 1587 1041 quod

265 1053 324 1106 fit,
358 1055 461 1094 dum
483 1055 535 1095 ad
562 1056 809 1109 exemplum
833 1056 989 1097 Christi
1014 1066 1053 1096 et
1075 1070 1253 1097 suorum
1282 1058 1586 1111 discipulorum

265 1125 320 1164 ob
359 1139 550 1166 amorem
596 1126 659 1166 sui
704 1127 930 1179 paciuntur
974 1127 1159 1168 iniurias.
1214 1129 1267 1168 Et
1311 1128 1474 1168 utinam
1513 1128 1587 1168 ista

267 1196 396 1235 leccio
431 1205 538 1236 esset
584 1210 657 1249 per
697 1210 775 1236 nos
820 1198 1054 1238 sacerdotes
1099 1207 1187 1238 tam
1225 1212 1421 1239 sermone
1460 1212 1587 1252 quam

266 1280 392 1318 opere
426 1266 647 1306 efficaciter
678 1267 721 1306 in
754 1267 917 1320 populo
942 1269 1162 1321 predicata.
1198 1269 1321 1309 Tunc
1355 1269 1468 1308 enim
1500 1282 1586 1308 non

211 1335 372 1376 15foret
416 1345 529 1376 tanta
576 1337 792 1390 sanguinis
840 1337 987 1378 effusio
1040 1352 1116 1379 nec
1170 1348 1285 1379 tanta
1330 1339 1587 1379 conturbans

265 1406 482 1446 ecclesiam
516 1406 668 1447 Christi
704 1422 776 1460 per
810 1409 1000 1449 membra
1046 1409 1199 1449 diaboli
1239 1424 1261 1449 a
1304 1410 1395 1463 lege
1429 1409 1585 1449 Christi

262 1476 503 1516 declinacio.

226 1556 248 1582 ο
318 1547 495 1600 Accipio
510 1547 652 1602 itaque
675 1547 799 1588 istam
815 1549 1074 1589 sentenciam
1090 1558 1309 1603 tamquam
1332 1549 1583 1589 catholicam
1629 1562 1697 1603 The
1721 1564 1794 1600 σω
1815 1565 1850 1591 of

261 1626 301 1657 et
331 1617 468 1657 tocius
501 1619 672 1659 ecclesie
696 1618 936 1658 directivam
962 1628 1001 1659 et
1032 1619 1127 1659 dico
1157 1620 1330 1660 ulterius
1354 1619 1471 1673 quod
1495 1619 1582 1671 ipsa
1599 1598 1876 1669 iiodti'iiiij‘esci‘ziiifq

205 1688 419 1728 2onedum
452 1702 538 1728 non
562 1688 786 1729 confirmat
817 1690 888 1728 sed
920 1688 1105 1729 infirmat
1136 1689 1405 1742 privilegium
1437 1702 1581 1741 supra-
1599 1670 1875 1739 iiiiii<adi-iiiiiiiigeei‘

260 1757 435 1809 dictum,
469 1759 567 1812 quia
600 1764 666 1813 (ut
697 1768 812 1812 patet
836 1773 883 1799 ex
917 1759 1025 1799 dicta
1048 1759 1259 1799 sentencia
1283 1768 1321 1799 et
1350 1759 1430 1799 fide
1454 1759 1582 1813 scrip-

260 1826 368 1882 ture)
416 1842 502 1868 non
548 1838 609 1869 est
640 1829 921 1883 privilegium,
969 1829 1047 1869 nisi
1092 1830 1143 1869 de
1181 1839 1343 1883 quanto
1383 1839 1504 1870 sonat
1541 1830 1583 1869 in

261 1897 593 1938 misericordiam
625 1899 924 1952 privilegiantis
959 1908 998 1939 et
1029 1899 1276 1952 privilegiati
1322 1908 1361 1939 et
1405 1899 1583 1939 omnino

261 1967 303 2006 in
336 1967 545 2008 honorem
577 1968 652 2008 Dei
687 1978 726 2009 et
757 1969 982 2009 utilitatem
1026 1978 1167 2008 sancte
1207 1969 1350 2009 matris
1392 1969 1583 2016 ecclesie;

203 2038 244 2071 25
261 2038 377 2091 quod
424 2052 523 2078 cum
565 2037 676 2091 capit
720 2038 966 2079 instanciam
1014 2040 1064 2079 de
1103 2039 1198 2091 isto,
1244 2039 1339 2079 ideo
1385 2039 1584 2079 interimit

261 2122 302 2148 se
346 2108 500 2162 ipsum.
554 2109 677 2149 Unde
720 2108 797 2149 ista
831 2109 1025 2149 condicio
1070 2111 1193 2150 debet
1237 2109 1491 2162 subintelligi
1533 2111 1582 2149 de

260 2187 405 2218 natura
445 2178 649 2232 privilegii
693 2179 735 2218 in
781 2193 906 2232 opere
945 2179 1238 2234 cuiuscunque
1282 2179 1583 2233 privilegiantis

259 2248 488 2300 ecclesiam,
531 2262 630 2288 cum
660 2248 774 2288 Deus
807 2263 895 2289 non
927 2259 1067 2303 potest
1104 2249 1364 2303 privilegiare
1396 2250 1580 2304 aliquam

259 2326 423 2370 partem
462 2318 646 2370 ecclesie,
692 2319 942 2359 condicione
981 2319 1059 2360 ista
1096 2320 1263 2373 penitus
1302 2320 1581 2373 pretermissa,

202 2388 244 2420 30
261 2387 360 2441 quia
381 2397 482 2428 tunc
516 2387 622 2428 foret
644 2388 720 2428 sibi
752 2388 830 2442 ipsi
855 2398 894 2429 et
917 2403 1072 2443 sponse
1095 2404 1169 2430 sue
1203 2390 1448 2431 contrarius.
1484 2390 1581 2430 Ideo

260 2471 425 2498 necesse
469 2467 530 2499 est
579 2458 889 2513 privilegiantes
934 2460 1151 2500 ecclesiam
1199 2474 1342 2500 cavere
1384 2460 1581 2514 precipue

259 2541 310 2567 ne
342 2542 390 2567 ex
422 2528 665 2581 ignorancia
703 2528 907 2582 scripture
947 2539 986 2569 et
1017 2529 1189 2570 cecitate
1228 2531 1354 2570 seculi
1394 2529 1581 2570 officiant

257 2597 379 2637 matri
403 2611 476 2638 sue
499 2598 565 2638 cui
590 2598 743 2638 debent
764 2598 980 2652 proficere.
1005 2601 1101 2640 Non
1129 2600 1241 2640 enim
1265 2601 1407 2640 solum
1430 2601 1582 2640 debent

257 2668 468 2707 attendere
492 2669 544 2708 ad
566 2668 670 2708 illud
695 2670 811 2723 quod
844 2679 985 2722 posset
1007 2684 1156 2710 sonare
1185 2671 1228 2710 in
1251 2670 1581 2711 misericordiam

200 2736 237 2768 35
259 2744 298 2774 et
321 2736 634 2778 edificacionem
661 2739 844 2784 ecclesie,
870 2741 939 2778 sed
964 2741 1014 2779 ad
1040 2741 1140 2780 illud
1166 2741 1279 2794 quod
1304 2740 1582 2780 verisimiliter

311 2884 352 2912 IS.
373 2886 401 2913 A
422 2886 451 2913 in
474 2894 588 2922 marg:
610 2886 793 2922 Responsio.

1424 2948 1465 2979 14
