2045 3312
239 252 329 281 CAP.
349 240 463 299 xxm]
738 255 797 287 DE
823 254 1058 287 ECCLEsm.
1767 247 1847 298 519

88 373 121 404 A
151 361 466 416 199‘generibus
511 369 691 414 prosunt
735 359 934 412 suffragia
983 359 1024 398 in
1071 367 1238 398 tantum
1274 360 1389 413 quod
1429 360 1557 400 Judas

240 431 281 470 in
317 431 382 470 die
417 431 634 471 dominico
673 430 836 484 quievit
870 444 891 469 a
925 443 1048 483 pena,
1091 429 1188 470 licet
1229 443 1315 469 non
1349 430 1402 470 sit
1435 430 1557 470 valde

240 501 518 541 autenticum.
560 502 615 541 Et
658 501 716 541 sic
768 513 992 555 nunquam
1038 499 1271 539 dimittitur
1316 500 1558 554 dampnatis

239 584 348 624 pena
409 571 672 624 simpliciter,
746 571 819 611 sed
877 568 1263 624 proporcionaliter
1321 571 1558 610 secundum

205 650 402 695 5partem
446 650 586 682 cotam
624 655 708 682 non
756 650 978 695 quantam,
1020 648 1060 680 et
1098 640 1156 679 sic
1200 640 1390 693 glossant
1445 641 1557 681 dicta

145 722 223 768 199⁶
238 721 487 752 sanctorum
532 712 649 765 quod
683 711 926 764 dampnatis
970 723 1055 750 non
1096 708 1321 760 prosunt*
1345 710 1557 763 suffragia,
1596 726 1663 765 ‘and
1684 725 1822 753 declares

239 782 396 822 scilicet
430 783 679 822 excellenter
712 782 845 822 malis.
880 782 934 821 Et
966 789 1064 834 post
1098 780 1293 834 sequitur
1316 780 1557 821 Hostiensis
1573 761 1846 830 mntagegtecffineaple

239 852 451 892 sentencia
490 853 531 892 in
571 852 647 892 hec
686 853 835 892 verba:
880 852 975 891 Non
1020 857 1083 891 est
1130 850 1233 890 mihi
1275 857 1393 891 tanta
1438 852 1558 905 copia

240 929 285 962 ut
323 923 403 962 ista
442 922 652 977 dff'liffln
700 922 803 976 quid
851 921 1000 962 debeat
1050 921 1184 961 teneri
1233 921 1416 975 precise.
1470 923 1558 962 Nec

184 993 518 1039 101nnocencius
561 993 629 1033 III.
663 994 735 1047 qui
769 1002 913 1033 tantus
954 1000 1044 1032 erat
1082 992 1216 1032 voluit
1255 991 1440 1032 diffinire
1484 993 1557 1032 sed

238 1064 408 1118 reliquit
454 1064 741 1118 disputacioni
788 1072 828 1103 et
888 1063 1068 1103 discrete
1116 1062 1439 1114 investigacioni
1492 1059 1836 1133 (utthkgutthffigsiffixs

236 1144 352 1188 patet
375 1135 415 1174 in
440 1136 502 1175 De
527 1135 828 1175 Celebracione
851 1134 991 1185 misse,
1019 1133 1126 1173 Cum
1159 1130 1366 1187 Marthe).
1391 1132 1557 1172 Tamen
1748 1113 1766 1141 g
1841 1126 1848 1133 ’

237 1206 449 1245 sentencia
474 1205 775 1258 theologorum
807 1213 869 1245 est
894 1204 1102 1244 celebrior
1132 1212 1172 1244 et
1203 1203 1342 1244 verior
1375 1203 1556 1244 videtur.

295 1275 430 1316 Volve
473 1276 618 1329 itaque
649 1284 689 1315 et
712 1275 881 1315 revolve
916 1275 1176 1316 sentenciam
1211 1274 1337 1315 huius
1371 1274 1558 1315 doctoris

184 1346 382 1399 15magni
422 1346 463 1386 in
498 1346 589 1386 iure
623 1346 829 1386 canonico
859 1354 900 1386 et
934 1345 1030 1385 vide
1063 1345 1097 1385 si
1130 1346 1184 1385 sit
1217 1345 1334 1385 testis
1363 1345 1558 1400 ydoneus

237 1417 290 1456 ad
334 1416 678 1456 confirmandum
724 1417 840 1471 quod
874 1424 974 1456 sunt
1007 1415 1199 1456 facienda
1242 1415 1446 1469 suffragia
1479 1429 1558 1469 pro

238 1487 479 1540 dampnatis
514 1488 565 1527 ad
602 1500 755 1540 penam
787 1495 1057 1540 perpetuam.
1092 1486 1218 1527 Unde
1251 1486 1421 1527 videtur
1454 1485 1559 1526 mihi

238 1557 354 1611 quod
372 1566 511 1597 totum
529 1571 662 1611 genus
678 1558 917 1598 humanum
934 1558 1061 1598 debet
1078 1557 1349 1597 concorditer
1360 1557 1558 1597 detestari

239 1628 484 1668 huiusmodi
518 1629 739 1668 mendacia
771 1637 811 1669 et
841 1628 1075 1682 dampnare
1098 1627 1223 1668 istam
1247 1627 1556 1681 blasphemiam

182 1720 223 1741 20
240 1698 354 1751 quod
389 1698 552 1739 licitum
588 1707 650 1739 est
683 1699 867 1739 mentiri.
909 1698 1020 1738 Cum
1062 1698 1175 1738 enirn
1214 1698 1383 1737 mentiri
1418 1697 1471 1738 sit
1510 1711 1557 1737 ex

239 1782 350 1822 equo
383 1783 557 1822 peccare
592 1768 658 1824 (ut
691 1770 839 1810 dicunt
871 1767 1042 1825 sancti),
1076 1769 1109 1809 si
1142 1769 1240 1808 licet
1273 1769 1458 1822 mentiri,
1499 1769 1558 1809 sic

238 1839 401 1879 licitum
449 1849 511 1879 est
555 1853 744 1893 peccare,
790 1840 862 1880 sed
910 1840 1010 1879 dare
1050 1839 1165 1878 illam
1204 1839 1423 1880 licenciam
1471 1854 1556 1879 non

238 1909 385 1949 subest
429 1911 631 1963 potestati
672 1911 828 1950 divine.
875 1910 982 1959 Quis
1029 1923 1130 1962 ergo
1172 1908 1446 1963 blasphemus
1489 1924 1556 1950 ex-

239 1979 406 2019 tolleret
439 1993 481 2020 se
515 1994 642 2033 super
673 1994 799 2020 omne
833 1981 949 2034 quod
984 1980 1139 2020 dicitur
1164 1980 1292 2032 Deus,
1328 1981 1443 2034 quod
1469 1981 1557 2035 ipse

182 2050 366 2092 zfihabet
398 2050 670 2104 privilegium
704 2051 769 2090 vel
800 2051 1020 2090 licenciam
1055 2047 1318 2090 menciendi?

190 2130 224 2163 Β
300 2120 422 2160 Unde
456 2120 640 2172 graviter
673 2119 752 2160 fert
781 2121 931 2161 doctor
954 2134 1051 2160 cum
1076 2121 1161 2160 suis
1186 2120 1303 2174 quod
1328 2120 1556 2160 irridebam
1585 2137 1652 2165 The
1674 2137 1830 2165 d0010r13

240 2190 363 2230 istam
404 2191 663 2231 sentenciam
707 2191 886 2231 dicendo
925 2205 993 2231 me
1027 2191 1188 2231 nescire
1222 2204 1351 2244 quam
1384 2191 1557 2231 laudem
1584 2173 1847 2243 ffigarvyquflffied

242 2261 334 2300 talis
369 2260 571 2300 mentitor
604 2262 799 2315 egregius
833 2270 1087 2315 reportaret,
1134 2261 1212 2301 nisi
1254 2260 1362 2301 forte
1403 2270 1450 2301 ut
1482 2275 1558 2314 pre
1643 2249 1673 2271 at
1699 2246 1775 2272 mm.

240 2331 439 2371 omnibus
463 2331 553 2371 aliis
578 2331 685 2371 ferat
708 2340 861 2373 cotem.
893 2331 1004 2372 Cum
1030 2332 1142 2372 enim
1167 2333 1283 2373 Deus
1307 2346 1391 2372 non
1417 2341 1557 2386 potest

183 2414 314 2455 30per
352 2416 395 2441 se
433 2402 498 2441 vel
537 2402 668 2442 alium
707 2402 842 2442 facere
884 2411 970 2442 tam
1010 2403 1230 2455 solempne
1269 2403 1556 2454 mendacium,

239 2471 409 2512 videtur
452 2472 568 2526 quod
617 2485 765 2512 omnes
805 2472 1001 2526 discipuli
1040 2473 1230 2513 veritatis
1270 2473 1425 2513 debent
1465 2473 1555 2513 acui

295 2620 321 2648 5.
342 2624 455 2654 cotam,
477 2620 505 2647 id
529 2625 574 2647 est
594 2625 731 2656 quotam.
753 2621 809 2655 Al:
830 2624 936 2648 totam.
1081 2630 1108 2658 7.
1128 2623 1156 2649 A
1171 2620 1200 2649 in
1231 2629 1345 2657 marga
1369 2621 1554 2649 Hostiensis.

242 2674 282 2699 ¹4·
304 2667 331 2694 A
352 2667 408 2701 Al:
430 2666 529 2694 Volve
551 2671 578 2694 et
599 2667 722 2694 revolve
742 2667 856 2703 itaque.
999 2666 1042 2695 23.
1063 2669 1091 2695 A
1113 2668 1143 2696 in
1158 2676 1273 2703 marga
1294 2667 1375 2696 Nota
1395 2668 1557 2704 quomodo

240 2712 406 2740 mendaces
428 2717 498 2740 sunt
518 2712 678 2740 irridendi.

303 2842 353 2864 10.
382 2833 516 2864 Decret.
542 2831 734 2865 Innocentii
763 2833 816 2865 ΙΙΙ.
848 2833 960 2873 Quum
988 2833 1176 2876 Alartlzaeg
1204 2835 1338 2866 Decret.
1367 2834 1470 2876 Greg.
1498 2833 1555 2873 IX,

241 2891 298 2923 lib.
326 2891 379 2931 ΙΙΙ,
406 2891 455 2923 tit.
482 2892 571 2932 XLI,
597 2902 670 2934 cap.
698 2892 754 2923 VI.
