2045 3312
112 282 191 314 202
850 280 1075 314 JOHANNIS
1102 280 1299 313 wchF.
1543 265 1615 323 [CA
1630 275 1661 302 1³-
1680 274 1743 302 xn-

129 399 249 435 against
269 397 368 424 which
403 398 448 428 ut
462 388 658 428 recitatur
672 387 837 437 XXIII²¹‚
857 401 896 440 q.
915 387 983 437 IV,
1004 386 1074 426 ubi
1099 385 1271 425 dicitur:
1288 385 1364 425 Est
1385 386 1542 425 iniusta
1564 384 1727 424 miseri-
1749 393 1824 426 1tj5⁰
1843 394 1880 427 H

109 431 385 505 §JCSssrngblrrgseed
401 459 564 499 cordia.
590 460 788 511 Denique
811 459 1017 509 scriptum
1043 463 1105 496 est
1127 456 1178 496 de
1209 456 1421 509 quodam:
1445 455 1538 494 Non
1558 456 1728 494 misere-

402 529 514 569 beris
538 529 668 578 illius,
693 527 1012 567 Deuteronomii
1035 526 1168 576 X1X0,
1201 527 1259 577 13,
1283 532 1323 565 et
1348 527 1390 565 in
1415 526 1538 565 libris
1559 526 1727 578 Regum

403 599 568 653 legitur
599 598 712 652 quod
745 597 853 636 Saul
885 597 1105 636 contraxit
1137 596 1363 649 offensam,
1395 597 1493 649 quia
1528 595 1730 635 misertus

400 677 463 710 est
481 672 610 724 Agag
633 682 778 722 regem
796 668 975 707 hostium
1000 680 1124 719 quem
1143 667 1370 719 prohibuit
1396 667 1542 706 divina
1564 673 1728 706 senten·
1746 675 1762 707 5

402 739 468 779 cia
505 740 695 788 servari,
725 738 762 777 10
801 738 967 791 Regum
1001 738 1113 778 XVO.
1146 736 1298 789 Itaque
1325 738 1362 776 si
1395 737 1488 789 quis
1516 738 1727 776 latronem

387 809 501 863 filiis
546 808 881 862 deprecantibus
927 814 1065 847 motus
1097 815 1138 847 et
1169 808 1365 846 lacrimis
1398 807 1594 861 coniugis
1636 807 1728 846 eius

402 880 589 931 inflexus
622 877 931 919 absolvendum
961 884 1104 931 putat,
1160 878 1230 918 cui
1263 877 1405 917 adlzuc
1438 876 1730 917 latrocinandi

402 951 566 1002 aspiret
597 949 796 1002 affectus,
831 961 972 989 nonne
1006 950 1254 988 innocentes
1288 948 1430 987 tradet
1469 949 1610 988 exicio
1654 948 1728 1000 qui

402 1021 465 1060 sic
511 1020 665 1060 liberat
713 1019 950 1059 multorum
998 1020 1140 1059 exicia
1190 1019 1488 1072 cogitantem?
1537 1018 1663 1058 Certe
1694 1019 1787 1058 sim

402 1090 602 1144 gladium
655 1089 816 1129 domini
861 1089 1072 1141 reprimit,
1117 1089 1293 1129 vincula
1338 1088 1544 1137 dissolvit,
1606 1089 1729 1128 laxat

402 1161 596 1208 exilium,
622 1159 749 1199 sscur
791 1159 1084 1199 latrocinandi
1143 1172 1230 1212 qua
1268 1165 1412 1212 potest
1455 1159 1829 1200 clemencior-ima

404 1232 472 1271 via
505 1244 588 1270 non
622 1231 751 1282 eripit
770 1229 1033 1283 facultatem
1072 1231 1146 1282 qui
1175 1229 1434 1269 voluntatem
1469 1238 1732 1284 extorquere

403 1314 487 1340 non
517 1300 692 1353 potuit?
714 1300 882 1340 Deinde
915 1303 1026 1340 inter
1063 1300 1185 1352 duos,
1208 1301 1288 1340 lzoc
1319 1307 1396 1352 est,
1431 1308 1729 1343 accusatorem

403 1378 442 1411 et
474 1384 610 1422 reum,
635 1371 960 1424 paripericulo
995 1370 1046 1410 de
1078 1371 1218 1423 capite
1241 1370 1520 1421 decertantes,
1540 1373 1727 1413 alterum
1751 1375 1786 1408 15

403 1441 442 1481 si
494 1455 577 1481 non
624 1441 869 1494 probasset,
904 1441 1089 1480 alterum
1135 1441 1174 1480 si
1219 1447 1327 1480 esset
1371 1442 1423 1481 ab
1476 1449 1729 1483 accusatore

405 1513 637 1562 convictus,
659 1512 697 1552 si
721 1524 804 1551 non
829 1511 874 1551 id
895 1511 1011 1564 quod
1042 1512 1208 1552 iusticie
1232 1518 1293 1552 est
1316 1512 1450 1553 iudex
1472 1520 1729 1566 exequatur,

405 1582 481 1621 sed
524 1583 756 1622 miseretur
800 1581 996 1632 alterius,
1042 1589 1119 1621 aut
1170 1582 1422 1634 dampnabit
1474 1584 1729 1635 probantem

406 1658 481 1691 aut
512 1651 615 1691 dum
649 1652 901 1691 accusatori
919 1652 1062 1705 favet,
1095 1652 1212 1704 quod
1239 1652 1433 1704 probare
1467 1666 1550 1693 non
1576 1657 1731 1708 possit,

406 1722 579 1762 addicet
623 1722 864 1762 innoxium.
936 1722 1032 1762 Non
1071 1728 1213 1774 potest
1252 1736 1358 1776 ergo
1392 1724 1468 1763 lzec
1501 1725 1588 1764 dici
1621 1726 1730 1766 iusta
1748 1736 1790 1758 20

409 1793 729 1833 misericordia.
782 1792 835 1832 In
888 1793 984 1845 ipsa
1037 1793 1233 1844 ecclesia,
1287 1793 1358 1833 ubi
1409 1796 1600 1834 maxime
1637 1797 1732 1849 quis

408 1864 607 1903 misereri
653 1863 788 1914 debet,
837 1864 976 1903 teneri
1020 1869 1162 1902 autem
1208 1876 1336 1916 quam
1383 1866 1573 1904 maxime
1611 1866 1734 1906 debet

395 1933 554 1987 forma
600 1934 784 1982 iusticie,
831 1946 882 1972 ne
925 1935 1020 1986 quis
1065 1947 1090 1973 a
1137 1935 1359 1974 consorcio
1408 1936 1731 1976 criminacionis

407 2004 650 2043 abstractus
694 2003 813 2043 brevi
857 2004 1086 2044 lacrimula
1120 2011 1249 2057 atque
1281 2005 1338 2044 ad
1369 2012 1538 2058 tempus
1563 2013 1729 2058 parata

407 2075 472 2113 vel
517 2076 649 2114 eciam
700 2075 973 2114 uberioribus
992 2075 1173 2126 fletibus
1205 2077 1563 2124 communionem,
1599 2090 1728 2129 quam
1748 2077 1786 2108 25

401 2144 610 2196 plurimis
662 2145 782 2185 debet
830 2146 1058 2197 postulare
1109 2146 1388 2198 temporibus,
1436 2160 1460 2185 a
1505 2147 1730 2200 facilitate

407 2215 647 2255 sacerdotis
694 2221 961 2267 extorqueat.
1009 2216 1162 2255 Nonne
1195 2229 1291 2255 cum
1327 2217 1403 2255 uni
1434 2217 1633 2270 indulget
1665 2218 1729 2257 in-

408 2284 550 2338 digno,
574 2285 632 2324 ad
646 2286 950 2337 prolapcionis
966 2287 1216 2339 contagium
1233 2293 1447 2338 provocat
1469 2287 1731 2326 universos?

409 2355 617 2394 Facilitas
650 2356 760 2394 enim
798 2356 916 2395 venie
950 2356 1211 2395 incentivum
1247 2356 1392 2395 tribuit
1436 2357 1728 2409 delinquendi.

463 2523 481 2543 1.
505 2515 536 2542 In
564 2515 674 2542 codd.:
697 2515 749 2543 Est
770 2515 880 2543 iniusta
903 2516 1124 2552 misericordia,
1147 2520 1192 2543 est
1213 2522 1240 2544 et
1260 2516 1351 2544 iusta.
1386 2516 1534 2552 Denique.
1567 2515 1694 2544 Corrcxi
1716 2526 1731 2544 e

409 2563 513 2589 decret
539 2570 606 2597 sup.
623 2570 754 2589 memor.
829 2562 890 2596 45.
903 2563 934 2590 In
951 2563 1051 2590 decu:
1069 2563 1234 2591 miseratus
1250 2568 1311 2597 (τευ
1328 2563 1425 2598 regis:
1439 2562 1468 2590 in
1481 2563 1572 2590 codd.
1647 2563 1675 2589 6.
1687 2563 1728 2590 ib.

409 2610 452 2636 Ila
479 2608 603 2644 siquis.
731 2617 756 2643 7.
784 2611 811 2636 A
838 2611 894 2644 Al:
926 2610 1054 2637 latronis
1087 2610 1240 2646 coniugis.
1384 2618 1425 2637 ιο.
1458 2612 1485 2637 Α
1510 2611 1568 2644 A,:
1598 2610 1730 2638 libertat.

413 2664 444 2683 11.
469 2655 692 2684 12.1ncodd.:
725 2657 804 2683 laxat
834 2655 977 2684 exicium.
1009 2656 1137 2684 Cot-rexi
1168 2665 1182 2683 e
1213 2656 1295 2684 decr.
1440 2665 1482 2689 ιι..
1513 2656 1533 2683 Β
1556 2656 1586 2683 in
1615 2665 1728 2691 marga

408 2702 503 2730 ludex
526 2702 600 2730 nulli
627 2702 759 2730 auferret
781 2703 1044 2738 complementum
1071 2703 1192 2731 ius1icie
1218 2707 1320 2731 motus
1342 2703 1446 2730 favore
1474 2707 1524 2729 aut
1549 2702 1659 2737 pictate
1681 2708 1731 2731 aut

410 2749 514 2776 favore
529 2749 609 2784 (sic).
737 2757 776 2783 ¹4¹-
801 2750 924 2784 probari
940 2750 968 2777 in
986 2750 1079 2778 codd.
1095 2757 1175 2777 corr.
1193 2758 1207 2777 c
1223 2750 1305 2777 decr.
1432 2749 1478 2775 26.
1495 2748 1553 2778 ib‚:
1577 2749 1730 2776 facultate.

409 2803 490 2823 corr.
512 2805 525 2822 e
548 2795 629 2822 decr.
775 2796 818 2823 28.
844 2797 881 2822 13:
905 2797 1102 2831 prolacionis.

472 2925 497 2945 1.
526 2914 570 2946 ib.
598 2925 624 2946 c.
651 2914 802 2945 xxxin.
