2045 3312
242 233 397 291 CAP.V.]
753 245 812 276 DE
839 244 1074 276 ECCLEsiA.

90 362 473 407 H142¹¹nusquam3
518 351 593 390 iste
626 359 770 390 autem
808 349 935 390 simul
980 348 1157 389 circulus
1203 347 1473 400 intelligibilis
1522 356 1560 387 et

242 424 496 478 quadratum
527 421 763 460 secundum
794 419 1074 472 multiplicem
1098 418 1313 458 racionem
1336 417 1560 457 miserendi

241 493 411 534 ecclesie
457 490 675 532 constituit
723 490 979 544 quadratum
1031 487 1238 539 sensibile,
1294 487 1465 542 quando
1519 487 1561 526 in

241 562 500 618 plenitudine
534 560 737 614 temporis
773 559 1088 613 compaginavit
1131 567 1315 613 quatuor
1357 558 1563 597 elementa

209 634 282 676 5in
327 642 527 687 quattuor
570 632 772 671 humores
825 645 871 671 ac
916 638 1117 684 quattuor
1162 628 1480 682 complexiones
1525 635 1564 667 et

241 703 469 756 assumpsit
520 703 697 756 plenum
742 701 963 741 hominem
1006 714 1132 754 quem
1184 699 1240 739 sic
1286 698 1393 738 fecit.
1440 698 1563 736 Tunc

241 774 354 814 enim
385 773 579 814 sensibile
611 773 865 827 quadratum
887 769 1161 810 humanitatis
1177 778 1216 810 et
1239 768 1420 809 circulus
1442 766 1562 806 intel—

240 843 406 897 ligibilis
439 843 666 883 divinitatis
699 842 858 882 factum
892 850 953 882 est
986 850 1215 894 utrumque
1259 848 1407 879 natura
1450 837 1564 877 idem

241 914 515 969 suppositum
546 914 660 954 verbi
694 912 784 953 Dei.

209 995 228 1027 1
300 986 353 1025 Et
394 985 518 1025 istam
563 984 820 1025 sentenciam
864 983 1045 1023 inculcat
1089 991 1256 1022 sanctus
1305 990 1343 1020 et
1386 980 1564 1019 devotus

243 1057 391 1096 doctor
422 1055 617 1109 magister
638 1054 849 1095 Johannes
882 1054 932 1093 de
958 1053 1169 1105 Howdan,
1193 1052 1412 1105 alloquens
1445 1063 1563 1090 amo-

242 1141 331 1166 rem
363 1126 435 1181 qui
466 1125 697 1166 incarnavit
730 1125 866 1165 filium
898 1124 941 1163 in
974 1124 1049 1163 hec
1082 1123 1227 1164 verba:
1261 1123 1407 1161 Artem
1439 1122 1564 1170 nosti,

242 1196 527 1250 quadrantem
549 1197 758 1236 circulum
778 1208 899 1248 quem
915 1194 1156 1248 quadrasti‚
1182 1194 1328 1232 carnis
1343 1192 1565 1247 quadran-

242 1267 392 1322 gulum
446 1280 570 1320 spere
622 1267 705 1306 Dei
756 1266 867 1306 dans
892 1279 977 1318 per
1015 1265 1274 1304 miraculum
1321 1264 1565 1304 sauciatum

190 1345 228 1380 15
244 1337 443 1378 sanando
475 1337 682 1377 seculum.
718 1336 787 1376 Isti
822 1336 978 1376 circulo
1002 1343 1171 1388 oportet
1203 1334 1423 1374 hominem
1446 1334 1566 1374 inniti

245 1418 284 1448 et
328 1408 563 1448 secundum
615 1407 914 1460 quadraturam
961 1414 1144 1459 quatuor
1189 1405 1399 1445 virtutum
1435 1405 1566 1444 cardi-

243 1478 405 1518 nalium
437 1477 709 1530 incorporari,
742 1477 775 1517 si
809 1477 956 1516 debeat
996 1490 1084 1516 esse
1118 1476 1360 1516 membrum
1396 1475 1565 1515 ecclesie

245 1549 406 1588 dicente
438 1547 609 1589 veritate
643 1548 846 1587 Johannis
891 1548 989 1588 XVO
1033 1557 1079 1599 4:
1114 1547 1232 1586 Sicut
1261 1547 1435 1599 palmes
1480 1559 1563 1586 non

236 1627 380 1672 potest
398 1619 531 1673 ferre
550 1618 753 1673 fructum
789 1618 873 1658 nisi
911 1618 1119 1658 manserit
1157 1617 1198 1656 in
1238 1617 1332 1665 vite,
1382 1618 1445 1657 sic
1490 1629 1565 1656 nec

188 1707 230 1730 20
247 1703 320 1730 vos
352 1691 436 1730 nisi
468 1691 509 1730 in
543 1704 608 1730 me
643 1690 899 1729 manseritis.
937 1688 1120 1742 Oportet
1153 1688 1267 1727 enim
1290 1687 1566 1727 christianum

1777 244 1845 270 101

1647 493 1694 521 He
1720 494 1775 521 has

1630 529 1799 557 combined

1647 564 1698 591 the
1720 564 1791 591 four

1608 599 1757 626 elements
1778 607 1819 626 on

1597 642 1668 661 man
1690 635 1750 661 and
1772 634 1829 661 has

1597 669 1744 697 assumed
1764 669 1814 696 the

1615 712 1727 740 square
1748 704 1819 731 thus

1662 739 1766 767 made.

1598 1688 1665 1716 The
1688 1688 1845 1716 Christian

1616 1724 1728 1751 should
1749 1724 1815 1751 lose

245 1775 332 1801 esse
354 1761 444 1800 Deo
465 1761 704 1814 insorptum
728 1774 801 1814 per
832 1774 1036 1811 amorem,
1069 1758 1125 1799 sic
1148 1759 1266 1813 quod
1299 1767 1387 1798 tota
1418 1768 1563 1799 terres-
1581 1759 1710 1786 ¹¹i¹1180¹f
1735 1760 1764 1786 1¹1
1787 1758 1857 1787 God

244 1833 358 1872 tritas
414 1832 542 1871 instar
593 1831 687 1870 ferri
738 1831 803 1871 vel
856 1830 1047 1870 carbonis
1093 1829 1307 1869 candentis
1354 1843 1431 1882 pro
1475 1829 1566 1868 zelo

244 1902 417 1942 honoris
449 1902 539 1954 Dei,
578 1902 738 1941 honore
772 1901 896 1941 seculi
931 1900 1187 1953 postposito,
1233 1900 1283 1940 sit
1314 1900 1465 1953 ignita3
1523 1900 1564 1938 in

247 1973 365 2012 cuius
389 1972 559 2026 signum
580 1971 761 2025 apostoli
795 1985 842 2010 ex
875 1971 1067 2010 doctrina
1100 1970 1255 2011 Christi
1286 1971 1400 2010 Luce
1430 1971 1566 2010 XXIIO

190 2049 229 2082 25
246 2052 451 2082 vocarunt
483 2057 525 2082 se
556 2043 599 2081 in
633 2055 805 2082 suarum
839 2042 1115 2095 epistolarum
1147 2040 1282 2080 iniciis
1315 2055 1456 2080 servos
1490 2040 1566 2079 Dei

247 2122 286 2153 et
318 2113 479 2153 domini
514 2113 608 2152 Jesu
643 2112 812 2164 Christi,
846 2120 891 2152 ut
925 2126 998 2165 per
1029 2112 1109 2152 hoc
1148 2111 1402 2164 reprimatur
1435 2110 1475 2149 in
1510 2110 1566 2149 eis

247 2185 376 2224 fastus
408 2184 472 2223 vel
505 2183 717 2237 dignitatis
750 2183 1014 2236 apparencia‚
1034 2183 1103 2222 sed
1128 2182 1168 2220 in
1193 2182 1418 2221 dominum
1442 2195 1568 2220 suum

247 2263 514 2295 convertatur
546 2263 634 2294 tota
666 2254 880 2307 dignitatis
914 2253 1145 2294 tendencia.
1187 2252 1268 2292 Sed
1309 2252 1435 2292 hodie
1474 2266 1566 2305 pre-

246 2335 412 2380 postere
445 2325 494 2364 de
527 2324 739 2378 dignitate,
773 2324 957 2377 primatu
1003 2332 1042 2364 et
1089 2323 1325 2363 reverencia
1370 2322 1480 2362 servi
1523 2322 1568 2361 fit

194 2407 336 2444 30tota
367 2395 566 2447 intencio,
601 2396 651 2436 de
682 2395 844 2435 honore
890 2408 989 2434 vero
1036 2394 1189 2433 Christi
1234 2394 1297 2433 vel
1343 2407 1421 2432 suo
1467 2406 1566 2432 con-

301 2542 320 2561 1.
344 2534 381 2561 ss:
402 2533 460 2562 iste
480 2539 541 2561 aut.
631 2541 656 2560 2.
679 2534 707 2560 A
728 2533 783 2567 Al:
806 2532 966 2560 racionum
988 2531 1157 2559 miserendi
1173 2531 1320 2563 ecclesie3
1342 2530 1381 2557 B:
1405 2530 1567 2558 miterendi

249 2581 312 2609 eice.
430 2582 456 2609 (ᾗ.
478 2580 515 2607 Β;
538 2589 598 2617 que
620 2580 662 2607 sic
681 2580 764 2607 fecit.
884 2580 911 2606 δ’.
934 2579 977 2605 A:
1002 2583 1174 2614 utramque.
1197 2577 1218 2604 B
1240 2578 1269 2604 in
1292 2585 1407 2612 marga
1426 2576 1568 2604 Circulus

251 2629 432 2665 quadratus.
550 2636 591 2655 10.
612 2628 640 2654 A
661 2627 691 2654 in
712 2635 828 2662 marg:
848 2626 874 2654 J.
896 2626 1050 2654 Howdan.
1181 2632 1216 2652 11.
1236 2625 1270 2651 In
1291 2624 1400 2651 codd.:
1423 2623 1569 2658 magister

249 2676 274 2706 J.
307 2676 343 2703 de
359 2675 514 2703 Howdan.
657 2683 704 2711 ιγ.
727 2674 748 2701 Β
769 2675 799 2702 in
830 2682 945 2709 marg:
974 2675 1006 2701 In
1037 2673 1169 2700 ecclesia
1190 2680 1257 2699 csse
1278 2677 1335 2699 etc.
1472 2679 1513 2705 ις).
1536 2670 1568 2697 In

250 2723 360 2753 codd.:
384 2722 486 2751 facere
507 2722 655 2751 fructum.
674 2722 793 2751 Cortex
813 2730 848 2749 ex
866 2722 935 2749 Joh.
957 2721 1015 2749 XV
1047 2730 1076 2755 4.
1202 2727 1242 2746 21.
1264 2719 1303 2746 B:
1326 2719 1408 2756 quod
1430 2726 1499 2745 nos.

303 2851 352 2873 11.
372 2840 462 2873 John
488 2841 529 2872 of
551 2841 712 2872 Howden
740 2840 776 2882 (†
810 2842 908 2884 1275)
942 2850 1015 2872 was
1048 2839 1107 2872 the
1146 2838 1304 2881 chaplain
1338 2838 1378 2869 of
1409 2838 1571 2869 Eleanor,

251 2898 309 2930 the
335 2898 471 2930 mother
496 2899 536 2930 of
558 2899 709 2931 Edward
736 2900 758 2931 Ι.

1647 1795 1686 1831 by
1707 1795 1784 1821 love.
