2045 3312
145 246 226 284 250
865 260 1092 292 JOHANNIS
1121 261 1318 294 wvcmr.
1562 248 1666 307 [CAP-
1684 261 1751 289 xii

143 370 405 439 υέιὲὲιῗὲιέὲιΐὲζέ
495 365 616 404 Unde
678 367 808 406 sancti
866 367 960 420 plus
1017 377 1316 408 contentantur
1375 369 1424 408 de
1477 368 1903 417 tribulacio1ic103ds

177 440 383 503 cvfxgdtigdthc
410 427 562 488 'quam
607 435 657 475 de
695 437 911 476 mundana
955 437 1229 490 prosperitate
1273 447 1445 492 propter
1489 439 1753 479 securitatem

432 514 471 544 et
533 505 718 545 fructum
784 506 921 546 meriti
983 507 1253 560 ampliorem,
1324 509 1542 562 dampnati
1609 520 1753 550 autem

431 575 588 616 habent
647 578 864 630 quoddam
915 578 1077 618 bonurn
1130 578 1238 618 ultra
1290 579 1453 619 bonum
1506 589 1653 621 nature
1705 595 1751 620 ex

429 645 580 686 merito
614 646 767 687 Christi
813 657 853 688 et
885 662 959 688 sua
992 649 1220 702 punicione
1262 649 1392 701 iusta;
1425 652 1542 704 quod
1576 651 1785 702 bonum,5

429 716 525 756 licet
568 717 620 757 sit
666 718 827 758 bonum
872 718 973 759 utile
1019 719 1147 759 beatis
1201 729 1240 760 et
1291 720 1522 761 honestum
1574 721 1751 761 domino

430 786 636 839 punienti,
671 801 757 827 non
790 797 932 828 tamen
964 789 1129 830 videtur
1161 790 1264 830 mihi
1299 791 1415 844 quod
1446 790 1551 831 illud
1590 792 1752 831 bonum

430 856 482 896 sit
527 857 583 896 eis
628 857 898 910 privilegium
942 859 1044 899 utile
1087 860 1153 900 vel
1198 860 1427 900 honestum
1475 861 1548 900 sed
1588 861 1751 901 bonum

431 927 714 979 mitigativum
745 928 909 969 malicie
939 930 1004 969 vel
1032 931 1426 984 quomodocunque
1458 930 1576 971 aliter
1608 931 1752 984 apcius

430 996 689 1041 nominetur.
713 999 835 1039 Unde
868 999 964 1039 licet
997 1000 1049 1040 sit
1082 1000 1243 1053 privata
1274 1001 1338 1040 lex
1371 1014 1569 1041 concessa
1591 1015 1613 1041 a
1637 1001 1748 1054 prin·
1771 1028 1810 1050 ,Ο

431 1067 536 1120 cipe,
595 1081 681 1107 non
736 1077 878 1108 tamen
923 1070 975 1109 ad
1019 1070 1245 1110 utilitatem
1296 1084 1476 1124 persone
1529 1071 1593 1111 cui
1645 1071 1752 1111 inest

430 1137 671 1190 formaliter,
725 1153 800 1179 nec
853 1141 1065 1180 contendo
1119 1141 1190 1180 sed
1242 1142 1431 1181 concedo
1482 1142 1535 1181 ad
1581 1155 1753 1181 sensum

429 1207 685 1261 equivocum
743 1209 860 1262 quod
917 1209 986 1249 illa
1043 1210 1297 1264 dampnacio
1357 1220 1417 1251 est
1487 1211 1753 1265 privilegium

430 1277 575 1327 beatis,
608 1292 706 1318 cum
738 1279 906 1319 racione
938 1280 1044 1320 iuste
1078 1281 1316 1334 punicionis
1349 1295 1527 1322 suorum
1562 1282 1751 1322 hostium

428 1348 498 1402 qui
545 1348 731 1389 serviunt
781 1350 836 1388 eis
884 1360 1089 1404 perpetuo
1134 1365 1261 1391 suum
1293 1352 1497 1406 gaudium
1542 1352 1808 1407 quodam-15

429 1419 559 1458 modo
592 1418 834 1461 melioratur.

965 1726 1088 1768 CAP.
1122 1727 1210 1766 XII.

178 1856 377 1898 objections:
486 1843 511 1870 ²³³
542 1844 600 1882 Ex
653 1843 740 1883 istis
788 1843 927 1897 colligi
978 1854 1118 1897 potest
1163 1844 1324 1884 solucio
1382 1854 1468 1884 tam
1512 1844 1897 1900 vulgarium154aA

134 1900 155 1919 ι’
172 1892 410 1965 Ὰξᾱᾶξῗῑῗιῖιωὲ
428 1913 673 1953 obiectuum
696 1927 826 1967 quam
849 1914 1167 1954 scolasticorum
1189 1928 1298 1968 quos
1327 1915 1502 1968 quidam
1524 1915 1747 1965 seminant,

151 1962 395 2035 ‹›»‹x{iiii¹r¹<¹›⁵ixv¹iiie
429 1984 600 2037 quando
635 1983 836 2024 deficiunt
881 1984 938 2024 eis
984 1984 1168 2024 efficacia
1212 1995 1475 2037 argumenta.
1529 1986 1595 2025 Sic
1635 1984 1748 2024 enirn
1766 2010 1807 2032 20

137 2032 413 2094 prwkizehguerscfi'ttne
430 2053 642 2093 declinant
688 2055 862 2108 quidam
912 2056 963 2095 ad
1009 2064 1254 2095 commenta
1299 2055 1519 2107 mendacii,
1565 2056 1748 2094 dicentes

146 2103 400 2172 Tlii‘sincbiiiiigrgc'zis
430 2125 546 2178 quod
592 2138 668 2163 nos
708 2125 884 2165 nitimur
916 2126 1125 2165 destruere
1165 2125 1379 2178 privilegia
1423 2135 1563 2166 sancte
1606 2127 1751 2165 matris

232 2174 318 2199 ΝΜ
430 2194 613 2247 ecclesie,
663 2196 774 2234 unde
822 2205 861 2235 et
905 2205 1179 2235 commovent
1218 2195 1370 2235 milites
1416 2205 1455 2235 et
1501 2195 1604 2235 alios
1643 2210 1750 2249 quos

430 2265 606 2304 credunt
639 2279 685 2304 ex
720 2274 884 2318 sperato
922 2265 1040 2305 lucro
1074 2265 1307 2305 defensioni
1341 2265 1545 2318 privilegii
1577 2265 1747 2318 predicti

429 2335 645 2374 intendere
690 2336 909 2388 quomodo
960 2335 1231 2375 defenderent
1282 2336 1438 2388 ipsum,
1494 2336 1749 2375 destruendo
1768 2349 1807 2382 25

429 2405 517 2445 eius
548 2405 818 2458 adversarios,
852 2406 929 2445 sub
953 2406 1128 2446 obtentu
1153 2406 1282 2446 eterni
1306 2405 1452 2459 premii
1477 2420 1524 2446 cx
1549 2406 1749 2460 operibus

429 2484 608 2528 pietatis.

483 2625 521 2651 πὶ.
545 2624 722 2651 inmoratur.
746 2625 790 2652 A:
813 2624 991 2660 Sequuntur
1013 2625 1074 2652 dno
1097 2634 1202 2653 versus
1225 2625 1401 2653 Bolieniici:

779 2671 818 2698 w
839 2672 944 2705 Anglii
966 2680 1087 2708 wyurna
1109 2673 1177 2699 dwa
1199 2673 1317 2708 knyezy

778 2726 835 2752 pro
856 2719 954 2745 slowo
976 2719 1073 2755 bozye
1095 2727 1121 2744 w
1143 2720 1263 2755 zalarzy
1284 2727 1419 2755 wyezyc.

570 2764 602 2791 ld
626 2770 688 2791 est:
712 2764 743 2791 In
766 2764 881 2799 Anglia
903 2765 982 2792 duos
1002 2765 1107 2792 lideles
1128 2766 1327 2801 presbyteros

708 2818 764 2845 pro
788 2819 932 2838 sermone
954 2811 1059 2838 divino
1082 2813 1110 2838 in
1133 2819 1256 2839 carcerc
1278 2811 1481 2839 incarcerant.

431 2859 470 2883 ιδ.
492 2858 519 2884 Α
536 2856 563 2883 in
581 2864 696 2890 marg:
719 2857 820 2884 l‘riina
841 2857 996 2885 obieccio.
1122 2866 1167 2890 ει.
1191 2859 1234 2885 A:
1258 2858 1431 2885 defensioni
1447 2859 1576 2893 predicti
1599 2860 1750 2895 privilegii

431 2903 590 2939 impedire.
615 2905 653 2939 A,
676 2903 890 2932 defensionem
914 2925 919 2929 .
942 2925 948 2930 .
975 2927 979 2932 .
1003 2903 1164 2940 impedire.
