2045 3312
278 277 367 305 car.
390 264 488 322 xm]
772 279 832 310 DE
859 277 1095 310 EccrAEsm.

125 397 160 430 P
186 393 317 440 170⁶et
349 387 422 438 qui
453 386 666 437 recipiunt
698 383 751 422 ab
784 396 833 423 eo
867 383 982 435 laici,
1005 384 1098 423 Sive
1114 389 1246 434 pacto
1269 386 1360 422 sive
1382 382 1600 435 beneficio,

278 457 415 496 eterni
461 454 652 495 incendii
698 453 872 507 ignibus
904 452 1179 505 deputentur.
1214 453 1267 492 Et
1298 452 1435 492 multo
1469 453 1601 506 magis

279 525 562 565 communitas
606 538 687 578 que
734 524 857 563 debet
890 536 978 562 esse
1011 522 1247 576 religiosior
1279 531 1319 562 et
1351 532 1411 562 est
1443 523 1485 561 in
1520 523 1600 562 isto

278 604 450 649 peccato
482 594 735 648 pertinacior
768 602 807 633 et
850 592 1118 633 antichristus
1159 592 1426 646 profundior,
1460 593 1599 633 cuius-

245 667 395 710 5modi
419 665 555 705 forent
577 664 774 718 religiosi,
805 659 992 703 viventes
1025 663 1276 713 seculariter,
1307 663 1602 703 distribuentes

279 736 391 776 bona
423 749 661 788 pauperum
686 733 932 788 cognacioni
959 747 1046 785 sue,
1071 743 1117 773 ut
1140 732 1210 773 fiat
1232 734 1396 772 mundo
1419 733 1601 784 inclitus,

277 806 526 846 militaribus
550 814 674 859 atque
704 803 903 855 iuridicis,
938 812 983 843 ut
1016 803 1244 843 defendant
1272 817 1371 843 suos
1400 804 1601 855 redditus,

278 886 318 916 et
351 876 485 931 (quod
532 875 639 915 foret
683 874 935 928 pessimum)
978 875 1010 914 si
1053 875 1197 914 darent
1242 874 1493 926 cognacioni
1527 888 1600 914 sue

279 946 511 986 carnalibus
550 956 589 986 et
627 945 793 985 famulis
841 945 1093 985 inhabilibus
1137 944 1502 998 presentacionem
1548 945 1599 984 ad

226 1040 264 1061 10
280 1016 479 1057 beneficia
502 1015 777 1056 ecclesiastica
798 1015 950 1055 virtute
973 1015 1073 1055 iuris
1096 1024 1356 1068 patronatus.
1382 1016 1435 1055 Et
1457 1016 1602 1055 omnia

281 1088 359 1127 ista
391 1087 528 1127 innuit
561 1087 706 1126 beatus
740 1085 979 1139 Gregorius.

233 1172 268 1212 Q
339 1157 514 1197 Tercius
558 1158 710 1211 gradus
743 1157 940 1196 clericalis
973 1157 1128 1197 heresis
1161 1165 1234 1208 est,
1268 1170 1366 1196 cum
1408 1157 1601 1196 sacerdos

280 1237 458 1281 occupat
481 1236 637 1267 statum
660 1236 699 1267 et
722 1228 833 1266 bona
856 1228 1026 1267 ecclesie
1046 1227 1134 1268 sine
1157 1227 1238 1267 hoc
1262 1228 1377 1281 quod
1401 1228 1602 1280 rependat

281 1298 470 1338 debitum
516 1297 796 1337 ministerium
829 1298 881 1337 ad
913 1298 1030 1351 quod
1064 1306 1254 1351 pretextu
1300 1297 1530 1338 elemosine
1563 1307 1602 1338 et

229 1368 585 1422 15acceptacionis
619 1368 852 1421 solempnis
886 1368 1012 1408 officii
1047 1368 1279 1421 obligatur;
1335 1368 1428 1407 talis
1459 1377 1601 1408 autem

189 1439 372 1498 170⁴ut²³³
395 1439 451 1479 sic
497 1438 890 1479 excommunicatur
936 1453 958 1477 a
1004 1438 1197 1489 domino,
1248 1438 1346 1492 quia
1393 1439 1425 1477 si
1471 1438 1601 1478 laicus

280 1509 672 1549 excommunicatur
714 1509 765 1548 ab
804 1508 993 1560 homine,
1027 1523 1077 1548 eo
1111 1509 1228 1562 quod
1260 1508 1413 1548 iniuste
1445 1508 1604 1549 detinet

281 1580 463 1620 decimas
496 1580 561 1620 vel
594 1579 846 1620 elemosinas
880 1580 1038 1620 debitas
1073 1579 1292 1630 sacerdoti,
1332 1580 1469 1619 multo
1509 1580 1604 1633 plus

282 1651 473 1690 sacerdos
513 1650 905 1690 excommunicatur
936 1665 958 1690 a
992 1651 1170 1690 domino
1204 1650 1276 1704 qui
1310 1650 1463 1690 iniuste
1508 1659 1605 1703 post

226 1746 267 1768 20
282 1722 485 1761 maiorem
529 1721 840 1774 obligacionem
878 1721 1036 1761 detinet
1075 1721 1308 1774 spirituales
1354 1720 1604 1760 elemosinas

282 1791 563 1831 subditorum.
606 1791 840 1845 Obligacio‚
885 1792 1074 1845 inquam,
1108 1801 1168 1831 est
1201 1791 1348 1843 maior,
1387 1804 1486 1830 cum
1518 1804 1604 1830 non

282 1862 376 1901 licet
409 1862 485 1900 sibi
519 1861 771 1901 elemosinas
805 1862 1040 1914 spirituales
1074 1861 1316 1901 subtrahere
1351 1861 1483 1901 eciam
1506 1861 1603 1900 sub-

282 1931 371 1971 dito
425 1931 697 1971 subtrahente
740 1931 990 1971 elemosinas
1040 1931 1291 1984 corporales
1356 1931 1604 1971 Sacerdotes

284 2002 398 2041 enim
451 2001 605 2042 Christi
659 2002 813 2041 debent
866 2001 1109 2042 benefacere
1163 2001 1513 2055 persequentibus
1566 2011 1606 2041 et

229 2086 266 2118 25
286 2071 454 2125 diligere
493 2071 702 2123 inimicos,
736 2082 775 2112 et
808 2072 959 2111 iterum
993 2072 1227 2112 subtraccio
1266 2071 1492 2125 spiritualis
1524 2071 1604 2111 ele-

286 2142 449 2182 mosine
501 2150 563 2181 est
612 2142 901 2195 periculosior,
966 2156 1064 2182 cum
1116 2142 1301 2182 minatur
1358 2151 1607 2195 perpetuam

285 2213 573 2266 perdicionem
618 2212 805 2265 corporis
860 2222 898 2253 et
945 2213 1097 2265 anime,
1154 2214 1227 2253 sed
1276 2222 1474 2253 neutrum
1519 2222 1606 2253 tam

286 2283 499 2323 evidenter
521 2282 755 2323 subtraccio
781 2282 1010 2323 elemosine
1030 2283 1272 2336 corporalis
1292 2284 1414 2324 Unde
1431 2284 1607 2323 Jeremie

285 2354 494 2405 XLVIIIO,
526 2367 573 2393 10
597 2353 767 2394 dicitur:
792 2353 1054 2394 Maledictus
1078 2355 1151 2407 qui
1171 2354 1293 2408 facit
1314 2367 1422 2406 opus
1445 2354 1608 2394 domini

227 2424 621 2478 3ofi·audulenl·er;
665 2433 704 2463 et
749 2424 885 2464 multo
936 2424 1068 2477 magis
1120 2433 1181 2464 est
1236 2424 1482 2464 maledictus
1535 2424 1607 2477 qui

288 2493 433 2546 recipit
466 2508 574 2535 onus
615 2495 792 2534 ducatus
825 2495 959 2547 gregis
992 2494 1208 2546 dominici,
1249 2509 1377 2548 quem
1409 2495 1475 2534 vel
1507 2509 1605 2548 pro-

286 2563 433 2603 ditorie
466 2564 580 2605 ducit
612 2565 654 2604 in
687 2564 976 2617 precipicium,
1010 2564 1075 2603 vel
1108 2563 1394 2604 fraudulenter
1426 2565 1605 2604 omnino

286 2634 492 2674 subtrahit
536 2634 830 2685 ministerium,
864 2635 914 2674 de
961 2649 1046 2687 quo
1080 2635 1242 2675 dictum
1275 2644 1335 2675 est
1366 2635 1472 2674 libro
1514 2635 1605 2685 V10‚

342 2837 360 2855 1.
383 2829 415 2855 ln
438 2829 551 2856 decret.
573 2830 671 2863 leges:
692 2830 756 2857 sive
778 2830 882 2865 precio
904 2831 967 2858 sive
990 2830 1149 2857 beneficio.
1293 2840 1321 2864 4.
1346 2831 1373 2857 A
1389 2830 1444 2864 Al:
1468 2828 1603 2865 pertina-

289 2874 351 2901 cior
363 2874 526 2902 —vivente
546 2875 643 2903 deest.
742 2875 766 2903 5.
789 2876 815 2903 A
831 2876 887 2911 Al:
903 2876 1130 2911 particulariter
1145 2875 1376 2904 distribuentes.
1483 2883 1520 2903 12.
1538 2875 1567 2903 A
1582 2875 1602 2902 Β

287 2923 317 2949 in
337 2928 453 2956 marg:
475 2920 608 2950 Tercius
629 2922 754 2958 gradus.

1635 1157 1662 1186 3.
1683 1159 1798 1187 Priests
1820 1167 1868 1186 re-

1679 1195 1764 1222 ceive
1782 1194 1833 1222 the

1617 1230 1832 1258 endowments
1842 1230 1896 1257 but

1641 1268 1681 1292 do
1703 1269 1757 1292 not
1776 1272 1872 1301 repay

1669 1301 1753 1328 them
1774 1300 1847 1327 with

1693 1335 1822 1363 service.
