<?xml version="1.0" encoding="UTF-8"?>
<!DOCTYPE html PUBLIC "-//W3C//DTD XHTML 1.0 Transitional//EN"
    "http://www.w3.org/TR/xhtml1/DTD/xhtml1-transitional.dtd">
<html xmlns="http://www.w3.org/1999/xhtml" xml:lang="en" lang="en">
 <head>
  <title>
</title>
<meta http-equiv="Content-Type" content="text/html;charset=utf-8" />
  <meta name='ocr-system' content='tesseract 3.04.00' />
  <meta name='ocr-capabilities' content='ocr_page ocr_carea ocr_par ocr_line ocrx_word'/>
</head>
<body>
  <div class='ocr_page' id='page_1' title='image "./iohanniswycliftr04wycl_0348.png"; bbox 0 0 2045 3312; ppageno 0'>
   <div class='ocr_carea' id='block_1_1' title="bbox 112 271 1723 324">
    <p class='ocr_par' dir='ltr' id='par_1_1' title="bbox 112 271 1723 324">
     <span class='ocr_line' id='line_1_1' title="bbox 112 271 1723 324; baseline -0.006 -6"><span class='ocrx_word' id='word_1_1' title='bbox 112 272 192 312; x_wconf 86' lang='lat'>310</span> <span class='ocrx_word' id='word_1_2' title='bbox 836 282 1060 314; x_wconf 76' lang='lat' dir='ltr'>JOHANNIS</span> <span class='ocrx_word' id='word_1_3' title='bbox 1086 282 1281 314; x_wconf 75' lang='lat' dir='ltr'>WYCLIF.</span> <span class='ocrx_word' id='word_1_4' title='bbox 1514 271 1620 324; x_wconf 52' lang='lat' dir='ltr'>[cmv.</span> <span class='ocrx_word' id='word_1_5' title='bbox 1640 279 1723 308; x_wconf 72' lang='lat' dir='ltr'>xiv,</span> 
     </span>
    </p>
   </div>
   <div class='ocr_carea' id='block_1_2' title="bbox 109 386 1876 2474">
    <p class='ocr_par' dir='ltr' id='par_1_2' title="bbox 109 386 1876 443">
     <span class='ocr_line' id='line_1_2' title="bbox 109 386 1876 443; baseline -0.001 -15"><span class='ocrx_word' id='word_1_6' title='bbox 109 400 189 428; x_wconf 74' lang='lat' dir='ltr'>How</span> <span class='ocrx_word' id='word_1_7' title='bbox 202 399 385 428; x_wconf 71' lang='lat' dir='ltr'>ecclesiasti-</span> <span class='ocrx_word' id='word_1_8' title='bbox 401 388 502 428; x_wconf 89' lang='lat' dir='ltr'>narii</span> <span class='ocrx_word' id='word_1_9' title='bbox 537 388 622 427; x_wconf 85' lang='lat' dir='ltr'>sive</span> <span class='ocrx_word' id='word_1_10' title='bbox 658 388 778 439; x_wconf 80' lang='lat' dir='ltr'>servi,</span> <span class='ocrx_word' id='word_1_11' title='bbox 813 388 886 427; x_wconf 83' lang='lat' dir='ltr'>sed</span> <span class='ocrx_word' id='word_1_12' title='bbox 919 387 1210 426; x_wconf 70' lang='lat' dir='ltr'>conversando</span> <span class='ocrx_word' id='word_1_13' title='bbox 1245 386 1452 426; x_wconf 84' lang='lat' dir='ltr'>excessive</span> <span class='ocrx_word' id='word_1_14' title='bbox 1485 387 1724 428; x_wconf 81' lang='lat' dir='ltr'>seculariter</span> <span class='ocrx_word' id='word_1_15' title='bbox 1746 400 1876 443; x_wconf 74' lang='lat' dir='ltr'><strong>1720G</strong></span> 
     </span>
    </p>

    <p class='ocr_par' dir='ltr' id='par_1_3' title="bbox 109 436 1786 1282">
     <span class='ocr_line' id='line_1_3' title="bbox 109 436 1725 510; baseline 0 -13"><span class='ocrx_word' id='word_1_16' title='bbox 109 436 677 498; x_wconf 63' lang='lat' dir='ltr'>cairulegrewup.intrOdUCUnt</span> <span class='ocrx_word' id='word_1_17' title='bbox 713 472 754 497; x_wconf 88' lang='lat' dir='ltr'>se</span> <span class='ocrx_word' id='word_1_18' title='bbox 788 458 986 497; x_wconf 90' lang='lat' dir='ltr'>dominos</span> <span class='ocrx_word' id='word_1_19' title='bbox 1020 457 1231 510; x_wconf 82' lang='lat' dir='ltr'>reciproce</span> <span class='ocrx_word' id='word_1_20' title='bbox 1265 457 1488 497; x_wconf 88' lang='lat' dir='ltr'>nominari.</span> <span class='ocrx_word' id='word_1_21' title='bbox 1539 458 1651 497; x_wconf 82' lang='lat' dir='ltr'>Nam</span> <span class='ocrx_word' id='word_1_22' title='bbox 1683 457 1725 497; x_wconf 87' lang='lat' dir='ltr'>in</span> 
     </span>
     <span class='ocr_line' id='line_1_4' title="bbox 400 527 1724 582; baseline 0 -15"><span class='ocrx_word' id='word_1_23' title='bbox 400 527 612 582; x_wconf 79' lang='lat' dir='ltr'>primitiva</span> <span class='ocrx_word' id='word_1_24' title='bbox 656 527 829 568; x_wconf 90' lang='lat' dir='ltr'>ecclesia</span> <span class='ocrx_word' id='word_1_25' title='bbox 871 528 1064 567; x_wconf 87' lang='lat' dir='ltr'>dixerunt</span> <span class='ocrx_word' id='word_1_26' title='bbox 1097 541 1138 566; x_wconf 91' lang='lat' dir='ltr'>se</span> <span class='ocrx_word' id='word_1_27' title='bbox 1171 527 1412 581; x_wconf 83' lang='lat' dir='ltr'>regulariter</span> <span class='ocrx_word' id='word_1_28' title='bbox 1443 541 1531 567; x_wconf 91' lang='lat' dir='ltr'>esse</span> <span class='ocrx_word' id='word_1_29' title='bbox 1570 541 1724 580; x_wconf 84' lang='lat' dir='ltr'>servos,</span> 
     </span>
     <span class='ocr_line' id='line_1_5' title="bbox 400 597 1725 652; baseline -0.001 -14"><span class='ocrx_word' id='word_1_30' title='bbox 400 609 590 652; x_wconf 91' lang='lat' dir='ltr'>tempore</span> <span class='ocrx_word' id='word_1_31' title='bbox 622 611 721 638; x_wconf 81' lang='lat' dir='ltr'>vero</span> <span class='ocrx_word' id='word_1_32' title='bbox 755 597 981 650; x_wconf 84' lang='lat' dir='ltr'>Augustini</span> <span class='ocrx_word' id='word_1_33' title='bbox 1015 606 1188 650; x_wconf 85' lang='lat' dir='ltr'>propter</span> <span class='ocrx_word' id='word_1_34' title='bbox 1221 597 1566 637; x_wconf 83' lang='lat' dir='ltr'>dominacionem</span> <span class='ocrx_word' id='word_1_35' title='bbox 1611 598 1725 638; x_wconf 89' lang='lat' dir='ltr'>inso-</span> 
     </span>
     <span class='ocr_line' id='line_1_6' title="bbox 401 667 1760 712; baseline 0 -4"><span class='ocrx_word' id='word_1_36' title='bbox 401 669 587 708; x_wconf 90' lang='lat' dir='ltr'>lencium</span> <span class='ocrx_word' id='word_1_37' title='bbox 609 669 864 708; x_wconf 88' lang='lat' dir='ltr'>destruendo</span> <span class='ocrx_word' id='word_1_38' title='bbox 887 667 991 707; x_wconf 86' lang='lat' dir='ltr'>vicia</span> <span class='ocrx_word' id='word_1_39' title='bbox 1015 667 1150 707; x_wconf 79' lang='lat' dir='ltr'>vocati</span> <span class='ocrx_word' id='word_1_40' title='bbox 1169 676 1266 706; x_wconf 89' lang='lat' dir='ltr'>sunt</span> <span class='ocrx_word' id='word_1_41' title='bbox 1289 667 1464 706; x_wconf 89' lang='lat' dir='ltr'>domini.</span> <span class='ocrx_word' id='word_1_42' title='bbox 1496 668 1578 708; x_wconf 87' lang='lat' dir='ltr'>Sed</span> <span class='ocrx_word' id='word_1_43' title='bbox 1600 667 1726 708; x_wconf 88' lang='lat' dir='ltr'>hodie</span> <span class='ocrx_word' id='word_1_44' title='bbox 1743 679 1760 712; x_wconf 83' lang='lat'><strong>5</strong></span> 
     </span>
     <span class='ocr_line' id='line_1_7' title="bbox 401 737 1726 792; baseline -0.001 -14"><span class='ocrx_word' id='word_1_45' title='bbox 401 740 524 792; x_wconf 83' lang='lat' dir='ltr'>plane</span> <span class='ocrx_word' id='word_1_46' title='bbox 536 738 965 778; x_wconf 86' lang='lat' dir='ltr'>nitunturomissione</span> <span class='ocrx_word' id='word_1_47' title='bbox 977 747 1016 778; x_wconf 91' lang='lat' dir='ltr'>et</span> <span class='ocrx_word' id='word_1_48' title='bbox 1031 738 1332 778; x_wconf 83' lang='lat' dir='ltr'>commissione</span> <span class='ocrx_word' id='word_1_49' title='bbox 1348 737 1389 777; x_wconf 93' lang='lat' dir='ltr'>in</span> <span class='ocrx_word' id='word_1_50' title='bbox 1403 738 1726 778; x_wconf 76' lang='lat' dir='ltr'>conversacione</span> 
     </span>
     <span class='ocr_line' id='line_1_8' title="bbox 402 808 1726 862; baseline 0 -14"><span class='ocrx_word' id='word_1_51' title='bbox 402 809 622 848; x_wconf 87' lang='lat' dir='ltr'>ostendere</span> <span class='ocrx_word' id='word_1_52' title='bbox 657 809 773 862; x_wconf 81' lang='lat' dir='ltr'>quod</span> <span class='ocrx_word' id='word_1_53' title='bbox 805 808 1064 860; x_wconf 90' lang='lat' dir='ltr'>pretendunt</span> <span class='ocrx_word' id='word_1_54' title='bbox 1095 822 1137 848; x_wconf 89' lang='lat' dir='ltr'>se</span> <span class='ocrx_word' id='word_1_55' title='bbox 1161 822 1247 848; x_wconf 91' lang='lat' dir='ltr'>esse</span> <span class='ocrx_word' id='word_1_56' title='bbox 1271 808 1470 847; x_wconf 85' lang='lat' dir='ltr'>dominos</span> <span class='ocrx_word' id='word_1_57' title='bbox 1500 808 1726 861; x_wconf 86' lang='lat' dir='ltr'>seculares;</span> 
     </span>
     <span class='ocr_line' id='line_1_9' title="bbox 402 878 1728 932; baseline -0.001 -13"><span class='ocrx_word' id='word_1_58' title='bbox 402 879 519 932; x_wconf 88' lang='lat' dir='ltr'>quod</span> <span class='ocrx_word' id='word_1_59' title='bbox 565 893 661 918; x_wconf 89' lang='lat' dir='ltr'>cum</span> <span class='ocrx_word' id='word_1_60' title='bbox 703 887 910 932; x_wconf 82' lang='lat' dir='ltr'>repugnat</span> <span class='ocrx_word' id='word_1_61' title='bbox 942 878 1021 931; x_wconf 89' lang='lat' dir='ltr'>legi</span> <span class='ocrx_word' id='word_1_62' title='bbox 1055 878 1131 919; x_wconf 91' lang='lat' dir='ltr'>Dei</span> <span class='ocrx_word' id='word_1_63' title='bbox 1165 887 1204 918; x_wconf 91' lang='lat' dir='ltr'>et</span> <span class='ocrx_word' id='word_1_64' title='bbox 1238 878 1390 930; x_wconf 78' lang='lat' dir='ltr'>ordini⁹</span> <span class='ocrx_word' id='word_1_65' title='bbox 1424 888 1538 932; x_wconf 89' lang='lat' dir='ltr'>patet</span> <span class='ocrx_word' id='word_1_66' title='bbox 1571 887 1728 932; x_wconf 85' lang='lat' dir='ltr'>quanta</span> 
     </span>
     <span class='ocr_line' id='line_1_10' title="bbox 404 947 1727 1001; baseline 0.001 -14"><span class='ocrx_word' id='word_1_67' title='bbox 404 948 730 988; x_wconf 84' lang='lat' dir='ltr'>monstruositas</span> <span class='ocrx_word' id='word_1_68' title='bbox 776 947 882 987; x_wconf 90' lang='lat' dir='ltr'>foret</span> <span class='ocrx_word' id='word_1_69' title='bbox 927 962 975 987; x_wconf 89' lang='lat' dir='ltr'>ex</span> <span class='ocrx_word' id='word_1_70' title='bbox 1018 947 1151 988; x_wconf 89' lang='lat' dir='ltr'>heresi</span> <span class='ocrx_word' id='word_1_71' title='bbox 1199 947 1305 988; x_wconf 90' lang='lat' dir='ltr'>circa</span> <span class='ocrx_word' id='word_1_72' title='bbox 1354 948 1484 988; x_wconf 84' lang='lat' dir='ltr'>fidem</span> <span class='ocrx_word' id='word_1_73' title='bbox 1526 949 1727 1001; x_wconf 82' lang='lat' dir='ltr'>scripture</span> 
     </span>
     <span class='ocr_line' id='line_1_11' title="bbox 405 1018 1786 1072; baseline 0.001 -13"><span class='ocrx_word' id='word_1_74' title='bbox 405 1033 518 1059; x_wconf 86' lang='lat' dir='ltr'>sacre</span> <span class='ocrx_word' id='word_1_75' title='bbox 562 1018 605 1057; x_wconf 92' lang='lat' dir='ltr'>in</span> <span class='ocrx_word' id='word_1_76' title='bbox 653 1018 871 1058; x_wconf 88' lang='lat' dir='ltr'>ecclesiam</span> <span class='ocrx_word' id='word_1_77' title='bbox 916 1018 1168 1058; x_wconf 88' lang='lat' dir='ltr'>introducta.</span> <span class='ocrx_word' id='word_1_78' title='bbox 1217 1018 1466 1072; x_wconf 86' lang='lat' dir='ltr'>Corrigendi</span> <span class='ocrx_word' id='word_1_79' title='bbox 1500 1033 1597 1072; x_wconf 89' lang='lat' dir='ltr'>ergo</span> <span class='ocrx_word' id='word_1_80' title='bbox 1631 1027 1786 1061; x_wconf 85' lang='lat' dir='ltr'>sunt10</span> 
     </span>
     <span class='ocr_line' id='line_1_12' title="bbox 404 1088 1729 1143; baseline 0 -15"><span class='ocrx_word' id='word_1_81' title='bbox 404 1088 638 1142; x_wconf 85' lang='lat' dir='ltr'>blasphemi</span> <span class='ocrx_word' id='word_1_82' title='bbox 673 1089 743 1142; x_wconf 86' lang='lat' dir='ltr'>qui</span> <span class='ocrx_word' id='word_1_83' title='bbox 770 1088 988 1141; x_wconf 83' lang='lat' dir='ltr'>denigrant</span> <span class='ocrx_word' id='word_1_84' title='bbox 1022 1092 1248 1142; x_wconf 83' lang='lat' dir='ltr'>(quantum</span> <span class='ocrx_word' id='word_1_85' title='bbox 1281 1089 1322 1128; x_wconf 91' lang='lat' dir='ltr'>in</span> <span class='ocrx_word' id='word_1_86' title='bbox 1357 1090 1413 1129; x_wconf 87' lang='lat' dir='ltr'>eis</span> <span class='ocrx_word' id='word_1_87' title='bbox 1447 1088 1525 1143; x_wconf 85' lang='lat' dir='ltr'>est)</span> <span class='ocrx_word' id='word_1_88' title='bbox 1559 1103 1729 1128; x_wconf 87' lang='lat' dir='ltr'>causam</span> 
     </span>
     <span class='ocr_line' id='line_1_13' title="bbox 408 1158 1728 1212; baseline -0.001 -14"><span class='ocrx_word' id='word_1_89' title='bbox 408 1158 562 1199; x_wconf 90' lang='lat' dir='ltr'>Christi</span> <span class='ocrx_word' id='word_1_90' title='bbox 587 1158 774 1210; x_wconf 86' lang='lat' dir='ltr'>martirii,</span> <span class='ocrx_word' id='word_1_91' title='bbox 808 1158 964 1198; x_wconf 90' lang='lat' dir='ltr'>scilicet</span> <span class='ocrx_word' id='word_1_92' title='bbox 993 1159 1110 1211; x_wconf 84' lang='lat' dir='ltr'>quod</span> <span class='ocrx_word' id='word_1_93' title='bbox 1135 1167 1331 1198; x_wconf 89' lang='lat' dir='ltr'>mortuus</span> <span class='ocrx_word' id='word_1_94' title='bbox 1354 1167 1416 1198; x_wconf 90' lang='lat' dir='ltr'>est</span> <span class='ocrx_word' id='word_1_95' title='bbox 1437 1173 1516 1212; x_wconf 89' lang='lat' dir='ltr'>pro</span> <span class='ocrx_word' id='word_1_96' title='bbox 1539 1159 1728 1198; x_wconf 88' lang='lat' dir='ltr'>domina-</span> 
     </span>
     <span class='ocr_line' id='line_1_14' title="bbox 408 1228 1350 1282; baseline 0.002 -15"><span class='ocrx_word' id='word_1_97' title='bbox 408 1228 528 1267; x_wconf 87' lang='lat' dir='ltr'>cione</span> <span class='ocrx_word' id='word_1_98' title='bbox 562 1228 735 1268; x_wconf 86' lang='lat' dir='ltr'>seculari</span> <span class='ocrx_word' id='word_1_99' title='bbox 771 1228 855 1268; x_wconf 88' lang='lat' dir='ltr'>suis</span> <span class='ocrx_word' id='word_1_100' title='bbox 890 1228 1047 1267; x_wconf 87' lang='lat' dir='ltr'>clericis</span> <span class='ocrx_word' id='word_1_101' title='bbox 1080 1228 1350 1282; x_wconf 77' lang='lat' dir='ltr'>adquirenda.</span> 
     </span>
    </p>

    <p class='ocr_par' dir='ltr' id='par_1_4' title="bbox 145 1298 1728 1353">
     <span class='ocr_line' id='line_1_15' title="bbox 145 1298 1728 1353; baseline 0 -14"><span class='ocrx_word' id='word_1_102' title='bbox 145 1312 190 1353; x_wconf 63' lang='lat' dir='ltr'>st.</span> <span class='ocrx_word' id='word_1_103' title='bbox 213 1311 355 1350; x_wconf 56' lang='lat' dir='ltr'>Thomas</span> <span class='ocrx_word' id='word_1_104' title='bbox 468 1299 519 1338; x_wconf 83' lang='lat' dir='ltr'>Et</span> <span class='ocrx_word' id='word_1_105' title='bbox 552 1298 608 1338; x_wconf 90' lang='lat' dir='ltr'>sic</span> <span class='ocrx_word' id='word_1_106' title='bbox 641 1298 809 1352; x_wconf 86' lang='lat' dir='ltr'>fingunt</span> <span class='ocrx_word' id='word_1_107' title='bbox 840 1298 988 1352; x_wconf 84' lang='lat' dir='ltr'>ingrati</span> <span class='ocrx_word' id='word_1_108' title='bbox 1035 1300 1151 1352; x_wconf 75' lang='lat' dir='ltr'>quod</span> <span class='ocrx_word' id='word_1_109' title='bbox 1184 1307 1351 1339; x_wconf 87' lang='lat' dir='ltr'>sanctus</span> <span class='ocrx_word' id='word_1_110' title='bbox 1386 1299 1577 1339; x_wconf 84' lang='lat' dir='ltr'>Thomas</span> <span class='ocrx_word' id='word_1_111' title='bbox 1618 1299 1728 1339; x_wconf 88' lang='lat' dir='ltr'>Can-</span> 
     </span>
    </p>

    <p class='ocr_par' dir='ltr' id='par_1_5' title="bbox 114 1348 1787 1422">
     <span class='ocr_line' id='line_1_16' title="bbox 114 1348 1787 1422; baseline 0.001 -12"><span class='ocrx_word' id='word_1_112' title='bbox 114 1348 632 1422; x_wconf 50' lang='lat' dir='ltr'>uffifflffss’rffitnssfmariensis</span> <span class='ocrx_word' id='word_1_113' title='bbox 666 1368 771 1407; x_wconf 89' lang='lat' dir='ltr'>obiit</span> <span class='ocrx_word' id='word_1_114' title='bbox 804 1382 880 1421; x_wconf 89' lang='lat' dir='ltr'>pro</span> <span class='ocrx_word' id='word_1_115' title='bbox 914 1368 1213 1408; x_wconf 80' lang='lat' dir='ltr'>dominacione</span> <span class='ocrx_word' id='word_1_116' title='bbox 1247 1369 1420 1408; x_wconf 88' lang='lat' dir='ltr'>seculari</span> <span class='ocrx_word' id='word_1_117' title='bbox 1453 1369 1589 1408; x_wconf 87' lang='lat' dir='ltr'>ablata</span> <span class='ocrx_word' id='word_1_118' title='bbox 1621 1370 1730 1409; x_wconf 87' lang='lat' dir='ltr'>clero</span> <span class='ocrx_word' id='word_1_119' title='bbox 1751 1380 1787 1413; x_wconf 78' lang='lat'>15</span> 
     </span>
    </p>

    <p class='ocr_par' dir='ltr' id='par_1_6' title="bbox 123 1418 1730 1492">
     <span class='ocr_line' id='line_1_17' title="bbox 123 1418 1730 1492; baseline -0.001 -12"><span class='ocrx_word' id='word_1_120' title='bbox 123 1418 382 1492; x_wconf 36' lang='lat' dir='ltr'>Zinbtiflssiiiiiffkcliiff</span> <span class='ocrx_word' id='word_1_121' title='bbox 406 1439 557 1492; x_wconf 75' lang='lat' dir='ltr'>Anglie</span> <span class='ocrx_word' id='word_1_122' title='bbox 595 1439 853 1478; x_wconf 86' lang='lat' dir='ltr'>restituenda</span> <span class='ocrx_word' id='word_1_123' title='bbox 884 1448 924 1479; x_wconf 90' lang='lat' dir='ltr'>et</span> <span class='ocrx_word' id='word_1_124' title='bbox 956 1439 1253 1479; x_wconf 84' lang='lat' dir='ltr'>dominacione</span> <span class='ocrx_word' id='word_1_125' title='bbox 1278 1439 1386 1479; x_wconf 82' lang='lat' dir='ltr'>civili</span> <span class='ocrx_word' id='word_1_126' title='bbox 1410 1439 1551 1479; x_wconf 87' lang='lat' dir='ltr'>habita</span> <span class='ocrx_word' id='word_1_127' title='bbox 1579 1439 1730 1479; x_wconf 86' lang='lat' dir='ltr'>confir-</span> 
     </span>
    </p>

    <p class='ocr_par' dir='ltr' id='par_1_7' title="bbox 116 1488 1791 2404">
     <span class='ocr_line' id='line_1_18' title="bbox 116 1488 1731 1562; baseline -0.001 -12"><span class='ocrx_word' id='word_1_128' title='bbox 116 1488 391 1558; x_wconf 39' lang='lat' dir='ltr'>discigllgssggntne</span> <span class='ocrx_word' id='word_1_129' title='bbox 407 1509 574 1549; x_wconf 87' lang='lat' dir='ltr'>manda.</span> <span class='ocrx_word' id='word_1_130' title='bbox 641 1508 833 1548; x_wconf 80' lang='lat' dir='ltr'>Christus</span> <span class='ocrx_word' id='word_1_131' title='bbox 898 1509 1013 1548; x_wconf 89' lang='lat' dir='ltr'>enim</span> <span class='ocrx_word' id='word_1_132' title='bbox 1069 1518 1239 1548; x_wconf 88' lang='lat' dir='ltr'>econtra</span> <span class='ocrx_word' id='word_1_133' title='bbox 1294 1518 1490 1549; x_wconf 86' lang='lat' dir='ltr'>mortuus</span> <span class='ocrx_word' id='word_1_134' title='bbox 1543 1518 1604 1549; x_wconf 90' lang='lat' dir='ltr'>est</span> <span class='ocrx_word' id='word_1_135' title='bbox 1655 1524 1731 1562; x_wconf 87' lang='lat' dir='ltr'>pro</span> 
     </span>
     <span class='ocr_line' id='line_1_19' title="bbox 408 1579 1731 1632; baseline 0.002 -14"><span class='ocrx_word' id='word_1_136' title='bbox 408 1579 646 1619; x_wconf 82' lang='lat' dir='ltr'>salvacione</span> <span class='ocrx_word' id='word_1_137' title='bbox 701 1579 875 1618; x_wconf 86' lang='lat' dir='ltr'>humani</span> <span class='ocrx_word' id='word_1_138' title='bbox 929 1580 1093 1632; x_wconf 84' lang='lat' dir='ltr'>generis</span> <span class='ocrx_word' id='word_1_139' title='bbox 1147 1589 1186 1619; x_wconf 92' lang='lat' dir='ltr'>et</span> <span class='ocrx_word' id='word_1_140' title='bbox 1238 1580 1289 1618; x_wconf 91' lang='lat' dir='ltr'>ad</span> <span class='ocrx_word' id='word_1_141' title='bbox 1343 1581 1585 1620; x_wconf 88' lang='lat' dir='ltr'>docendum</span> <span class='ocrx_word' id='word_1_142' title='bbox 1630 1595 1731 1621; x_wconf 91' lang='lat' dir='ltr'>suos</span> 
     </span>
     <span class='ocr_line' id='line_1_20' title="bbox 408 1649 1731 1702; baseline 0.002 -15"><span class='ocrx_word' id='word_1_143' title='bbox 408 1649 638 1702; x_wconf 88' lang='lat' dir='ltr'>discipulos</span> <span class='ocrx_word' id='word_1_144' title='bbox 691 1657 730 1688; x_wconf 88' lang='lat' dir='ltr'>et</span> <span class='ocrx_word' id='word_1_145' title='bbox 783 1649 1018 1701; x_wconf 82' lang='lat' dir='ltr'>specialiter</span> <span class='ocrx_word' id='word_1_146' title='bbox 1072 1651 1231 1690; x_wconf 88' lang='lat' dir='ltr'>clerum</span> <span class='ocrx_word' id='word_1_147' title='bbox 1284 1650 1485 1690; x_wconf 89' lang='lat' dir='ltr'>secularia</span> <span class='ocrx_word' id='word_1_148' title='bbox 1530 1650 1731 1690; x_wconf 88' lang='lat' dir='ltr'>desideria</span> 
     </span>
     <span class='ocr_line' id='line_1_21' title="bbox 407 1715 1791 1775; baseline 0.003 -17"><span class='ocrx_word' id='word_1_149' title='bbox 407 1721 612 1773; x_wconf 80' lang='lat' dir='ltr'>abnegare</span> <span class='ocrx_word' id='word_1_150' title='bbox 647 1718 712 1773; x_wconf 84' lang='lat' dir='ltr'>(ut</span> <span class='ocrx_word' id='word_1_151' title='bbox 735 1719 833 1759; x_wconf 90' lang='lat' dir='ltr'>dicit</span> <span class='ocrx_word' id='word_1_152' title='bbox 855 1720 1091 1772; x_wconf 83' lang='lat' dir='ltr'>Apostolus</span> <span class='ocrx_word' id='word_1_153' title='bbox 1114 1721 1165 1760; x_wconf 83' lang='lat' dir='ltr'>ad</span> <span class='ocrx_word' id='word_1_154' title='bbox 1193 1715 1343 1761; x_wconf 85' lang='lat' dir='ltr'>Titum</span> <span class='ocrx_word' id='word_1_155' title='bbox 1365 1719 1455 1775; x_wconf 85' lang='lat'>110).</span> <span class='ocrx_word' id='word_1_156' title='bbox 1484 1721 1536 1760; x_wconf 82' lang='lat' dir='ltr'>Et</span> <span class='ocrx_word' id='word_1_157' title='bbox 1564 1729 1731 1760; x_wconf 88' lang='lat' dir='ltr'>sanctus</span> <span class='ocrx_word' id='word_1_158' title='bbox 1749 1740 1791 1762; x_wconf 85' lang='lat'>20</span> 
     </span>
     <span class='ocr_line' id='line_1_22' title="bbox 408 1789 1733 1843; baseline 0.002 -15"><span class='ocrx_word' id='word_1_159' title='bbox 408 1789 600 1829; x_wconf 81' lang='lat' dir='ltr'>Thomas</span> <span class='ocrx_word' id='word_1_160' title='bbox 655 1798 849 1829; x_wconf 88' lang='lat' dir='ltr'>mortuus</span> <span class='ocrx_word' id='word_1_161' title='bbox 904 1798 965 1828; x_wconf 89' lang='lat' dir='ltr'>est</span> <span class='ocrx_word' id='word_1_162' title='bbox 1016 1790 1069 1829; x_wconf 84' lang='lat' dir='ltr'>ad</span> <span class='ocrx_word' id='word_1_163' title='bbox 1121 1799 1360 1830; x_wconf 86' lang='lat' dir='ltr'>constanter</span> <span class='ocrx_word' id='word_1_164' title='bbox 1418 1791 1733 1843; x_wconf 90' lang='lat' dir='ltr'>corripiendum</span> 
     </span>
     <span class='ocr_line' id='line_1_23' title="bbox 408 1859 1732 1913; baseline 0.002 -15"><span class='ocrx_word' id='word_1_165' title='bbox 408 1873 525 1912; x_wconf 88' lang='lat' dir='ltr'>reges</span> <span class='ocrx_word' id='word_1_166' title='bbox 571 1869 609 1899; x_wconf 92' lang='lat' dir='ltr'>et</span> <span class='ocrx_word' id='word_1_167' title='bbox 659 1859 874 1911; x_wconf 84' lang='lat' dir='ltr'>dominos,</span> <span class='ocrx_word' id='word_1_168' title='bbox 920 1873 971 1899; x_wconf 90' lang='lat' dir='ltr'>ne</span> <span class='ocrx_word' id='word_1_169' title='bbox 1016 1860 1266 1913; x_wconf 88' lang='lat' dir='ltr'>precipitent</span> <span class='ocrx_word' id='word_1_170' title='bbox 1297 1861 1458 1900; x_wconf 91' lang='lat' dir='ltr'>clerum</span> <span class='ocrx_word' id='word_1_171' title='bbox 1502 1861 1544 1899; x_wconf 90' lang='lat' dir='ltr'>in</span> <span class='ocrx_word' id='word_1_172' title='bbox 1591 1860 1732 1901; x_wconf 84' lang='lat' dir='ltr'>officio</span> 
     </span>
     <span class='ocr_line' id='line_1_24' title="bbox 407 1929 1731 1984; baseline 0.002 -16"><span class='ocrx_word' id='word_1_173' title='bbox 407 1929 581 1969; x_wconf 87' lang='lat' dir='ltr'>seculari</span> <span class='ocrx_word' id='word_1_174' title='bbox 630 1943 705 1969; x_wconf 91' lang='lat' dir='ltr'>nec</span> <span class='ocrx_word' id='word_1_175' title='bbox 749 1929 986 1982; x_wconf 84' lang='lat' dir='ltr'>impediant</span> <span class='ocrx_word' id='word_1_176' title='bbox 1032 1930 1266 1983; x_wconf 84' lang='lat' dir='ltr'>quominus</span> <span class='ocrx_word' id='word_1_177' title='bbox 1307 1930 1559 1984; x_wconf 88' lang='lat' dir='ltr'>corripiatur</span> <span class='ocrx_word' id='word_1_178' title='bbox 1599 1945 1619 1970; x_wconf 86' lang='lat' dir='ltr'>a</span> <span class='ocrx_word' id='word_1_179' title='bbox 1653 1945 1731 1970; x_wconf 89' lang='lat' dir='ltr'>suo</span> 
     </span>
     <span class='ocr_line' id='line_1_25' title="bbox 409 2000 1731 2054; baseline 0.002 -15"><span class='ocrx_word' id='word_1_180' title='bbox 409 2001 625 2053; x_wconf 82' lang='lat' dir='ltr'>episcopo,</span> <span class='ocrx_word' id='word_1_181' title='bbox 670 2009 709 2039; x_wconf 89' lang='lat' dir='ltr'>et</span> <span class='ocrx_word' id='word_1_182' title='bbox 742 2013 815 2053; x_wconf 85' lang='lat' dir='ltr'>per</span> <span class='ocrx_word' id='word_1_183' title='bbox 847 2013 1112 2053; x_wconf 85' lang='lat' dir='ltr'>consequens</span> <span class='ocrx_word' id='word_1_184' title='bbox 1146 2002 1197 2040; x_wconf 86' lang='lat' dir='ltr'>ad</span> <span class='ocrx_word' id='word_1_185' title='bbox 1231 2001 1474 2041; x_wconf 88' lang='lat' dir='ltr'>docendum</span> <span class='ocrx_word' id='word_1_186' title='bbox 1509 2000 1731 2054; x_wconf 87' lang='lat' dir='ltr'>episcopos</span> 
     </span>
     <span class='ocr_line' id='line_1_26' title="bbox 412 2069 1790 2124; baseline 0.002 -14"><span class='ocrx_word' id='word_1_187' title='bbox 412 2080 552 2111; x_wconf 90' lang='lat' dir='ltr'>nostre</span> <span class='ocrx_word' id='word_1_188' title='bbox 593 2069 808 2123; x_wconf 78' lang='lat' dir='ltr'>provincie</span> <span class='ocrx_word' id='word_1_189' title='bbox 843 2083 893 2109; x_wconf 92' lang='lat' dir='ltr'>ne</span> <span class='ocrx_word' id='word_1_190' title='bbox 926 2071 976 2109; x_wconf 89' lang='lat' dir='ltr'>ab</span> <span class='ocrx_word' id='word_1_191' title='bbox 1011 2071 1087 2110; x_wconf 89' lang='lat' dir='ltr'>ista</span> <span class='ocrx_word' id='word_1_192' title='bbox 1120 2071 1404 2124; x_wconf 86' lang='lat' dir='ltr'>correpcione,</span> <span class='ocrx_word' id='word_1_193' title='bbox 1430 2080 1468 2111; x_wconf 92' lang='lat' dir='ltr'>et</span> <span class='ocrx_word' id='word_1_194' title='bbox 1491 2085 1564 2124; x_wconf 92' lang='lat' dir='ltr'>per</span> <span class='ocrx_word' id='word_1_195' title='bbox 1587 2085 1730 2110; x_wconf 89' lang='lat' dir='ltr'>conse·</span> <span class='ocrx_word' id='word_1_196' title='bbox 1750 2081 1790 2113; x_wconf 84' lang='lat'>25</span> 
     </span>
     <span class='ocr_line' id='line_1_27' title="bbox 413 2139 1733 2195; baseline 0 -15"><span class='ocrx_word' id='word_1_197' title='bbox 413 2154 545 2195; x_wconf 79' lang='lat' dir='ltr'>quens</span> <span class='ocrx_word' id='word_1_198' title='bbox 599 2154 621 2179; x_wconf 85' lang='lat' dir='ltr'>a</span> <span class='ocrx_word' id='word_1_199' title='bbox 667 2139 910 2179; x_wconf 88' lang='lat' dir='ltr'>defensione</span> <span class='ocrx_word' id='word_1_200' title='bbox 956 2140 1275 2194; x_wconf 85' lang='lat' dir='ltr'>privilegiorum</span> <span class='ocrx_word' id='word_1_201' title='bbox 1328 2149 1367 2180; x_wconf 89' lang='lat' dir='ltr'>et</span> <span class='ocrx_word' id='word_1_202' title='bbox 1419 2141 1518 2180; x_wconf 90' lang='lat' dir='ltr'>iuris</span> <span class='ocrx_word' id='word_1_203' title='bbox 1564 2140 1733 2180; x_wconf 90' lang='lat' dir='ltr'>ecclesie</span> 
     </span>
     <span class='ocr_line' id='line_1_28' title="bbox 410 2210 1732 2264; baseline -0.001 -14"><span class='ocrx_word' id='word_1_204' title='bbox 410 2211 562 2251; x_wconf 87' lang='lat' dir='ltr'>timore</span> <span class='ocrx_word' id='word_1_205' title='bbox 595 2210 731 2249; x_wconf 77' lang='lat' dir='ltr'>servili</span> <span class='ocrx_word' id='word_1_206' title='bbox 766 2211 815 2249; x_wconf 91' lang='lat' dir='ltr'>de</span> <span class='ocrx_word' id='word_1_207' title='bbox 849 2210 1075 2249; x_wconf 88' lang='lat' dir='ltr'>amissione</span> <span class='ocrx_word' id='word_1_208' title='bbox 1119 2211 1421 2264; x_wconf 88' lang='lat' dir='ltr'>temporalium</span> <span class='ocrx_word' id='word_1_209' title='bbox 1456 2210 1732 2250; x_wconf 89' lang='lat' dir='ltr'>retrahantur.</span> 
     </span>
     <span class='ocr_line' id='line_1_29' title="bbox 412 2280 1734 2333; baseline 0 -13"><span class='ocrx_word' id='word_1_210' title='bbox 412 2281 464 2320; x_wconf 83' lang='lat' dir='ltr'>Et</span> <span class='ocrx_word' id='word_1_211' title='bbox 487 2280 649 2320; x_wconf 87' lang='lat' dir='ltr'>utinam</span> <span class='ocrx_word' id='word_1_212' title='bbox 674 2280 909 2320; x_wconf 84' lang='lat' dir='ltr'>sacerdotes</span> <span class='ocrx_word' id='word_1_213' title='bbox 935 2281 1171 2333; x_wconf 90' lang='lat' dir='ltr'>superiores</span> <span class='ocrx_word' id='word_1_214' title='bbox 1196 2280 1322 2320; x_wconf 90' lang='lat' dir='ltr'>nostri</span> <span class='ocrx_word' id='word_1_215' title='bbox 1341 2280 1457 2332; x_wconf 88' lang='lat' dir='ltr'>regni</span> <span class='ocrx_word' id='word_1_216' title='bbox 1474 2280 1734 2320; x_wconf 86' lang='lat' dir='ltr'>addiscerent</span> 
     </span>
     <span class='ocr_line' id='line_1_30' title="bbox 411 2349 1564 2404; baseline -0.001 -14"><span class='ocrx_word' id='word_1_217' title='bbox 411 2351 625 2390; x_wconf 84' lang='lat' dir='ltr'>intellectu</span> <span class='ocrx_word' id='word_1_218' title='bbox 659 2359 699 2390; x_wconf 90' lang='lat' dir='ltr'>et</span> <span class='ocrx_word' id='word_1_219' title='bbox 732 2349 881 2390; x_wconf 85' lang='lat' dir='ltr'>affectu</span> <span class='ocrx_word' id='word_1_220' title='bbox 915 2350 1037 2391; x_wconf 89' lang='lat' dir='ltr'>istam</span> <span class='ocrx_word' id='word_1_221' title='bbox 1072 2351 1285 2404; x_wconf 86' lang='lat' dir='ltr'>geminam</span> <span class='ocrx_word' id='word_1_222' title='bbox 1318 2350 1564 2390; x_wconf 90' lang='lat' dir='ltr'>leccionem.</span> 
     </span>
    </p>

    <p class='ocr_par' dir='ltr' id='par_1_8' title="bbox 168 2420 1784 2474">
     <span class='ocr_line' id='line_1_31' title="bbox 168 2420 1784 2474; baseline 0 -15"><span class='ocrx_word' id='word_1_223' title='bbox 168 2432 352 2467; x_wconf 62' lang='lat' dir='ltr'>objoeimn:</span> <span class='ocrx_word' id='word_1_224' title='bbox 470 2421 550 2460; x_wconf 86' lang='lat' dir='ltr'>Sed</span> <span class='ocrx_word' id='word_1_225' title='bbox 604 2429 748 2460; x_wconf 89' lang='lat' dir='ltr'>contra</span> <span class='ocrx_word' id='word_1_226' title='bbox 800 2420 908 2460; x_wconf 87' lang='lat' dir='ltr'>dicta</span> <span class='ocrx_word' id='word_1_227' title='bbox 953 2421 1141 2474; x_wconf 86' lang='lat' dir='ltr'>arguitur</span> <span class='ocrx_word' id='word_1_228' title='bbox 1186 2435 1259 2474; x_wconf 92' lang='lat' dir='ltr'>per</span> <span class='ocrx_word' id='word_1_229' title='bbox 1301 2420 1382 2460; x_wconf 87' lang='lat' dir='ltr'>hoc</span> <span class='ocrx_word' id='word_1_230' title='bbox 1429 2421 1545 2474; x_wconf 86' lang='lat' dir='ltr'>quod</span> <span class='ocrx_word' id='word_1_231' title='bbox 1591 2420 1784 2464; x_wconf 83' lang='lat' dir='ltr'>omniaH</span> 
     </span>
    </p>
   </div>
   <div class='ocr_carea' id='block_1_3' title="bbox 133 2469 1734 2544">
    <p class='ocr_par' dir='ltr' id='par_1_9' title="bbox 133 2469 1734 2544">
     <span class='ocr_line' id='line_1_32' title="bbox 133 2469 1734 2544; baseline -0.001 -13"><span class='ocrx_word' id='word_1_232' title='bbox 133 2469 382 2538; x_wconf 46' lang='lat' dir='ltr'>igiigut&#39;g&#39;ffiirbifii</span> <span class='ocrx_word' id='word_1_233' title='bbox 413 2491 534 2530; x_wconf 84' lang='lat' dir='ltr'>bona·</span> <span class='ocrx_word' id='word_1_234' title='bbox 570 2491 717 2530; x_wconf 87' lang='lat' dir='ltr'>mundi</span> <span class='ocrx_word' id='word_1_235' title='bbox 764 2501 863 2531; x_wconf 86' lang='lat' dir='ltr'>sunt</span> <span class='ocrx_word' id='word_1_236' title='bbox 903 2491 1211 2544; x_wconf 85' lang='lat' dir='ltr'>patrimonium</span> <span class='ocrx_word' id='word_1_237' title='bbox 1250 2490 1448 2542; x_wconf 78' lang='lat' dir='ltr'>crucifixi,</span> <span class='ocrx_word' id='word_1_238' title='bbox 1489 2492 1559 2529; x_wconf 87' lang='lat' dir='ltr'>sed</span> <span class='ocrx_word' id='word_1_239' title='bbox 1593 2500 1734 2530; x_wconf 90' lang='lat' dir='ltr'>totum</span> 
     </span>
    </p>
   </div>
   <div class='ocr_carea' id='block_1_4' title="bbox 120 2541 1732 2684">
    <p class='ocr_par' dir='ltr' id='par_1_10' title="bbox 120 2541 1732 2684">
     <span class='ocr_line' id='line_1_33' title="bbox 120 2541 1731 2613; baseline -0.001 -11"><span class='ocrx_word' id='word_1_240' title='bbox 120 2541 395 2607; x_wconf 37' lang='lat' dir='ltr'>iiiiilid‘sich&#39;isssn</span> <span class='ocrx_word' id='word_1_241' title='bbox 413 2575 537 2600; x_wconf 89' lang='lat' dir='ltr'>suum</span> <span class='ocrx_word' id='word_1_242' title='bbox 584 2560 890 2613; x_wconf 87' lang='lat' dir='ltr'>patrimonium</span> <span class='ocrx_word' id='word_1_243' title='bbox 936 2561 1143 2601; x_wconf 86' lang='lat' dir='ltr'>concessit</span> <span class='ocrx_word' id='word_1_244' title='bbox 1181 2562 1305 2601; x_wconf 84' lang='lat' dir='ltr'>Petro</span> <span class='ocrx_word' id='word_1_245' title='bbox 1347 2570 1385 2601; x_wconf 90' lang='lat' dir='ltr'>et</span> <span class='ocrx_word' id='word_1_246' title='bbox 1424 2561 1511 2600; x_wconf 90' lang='lat' dir='ltr'>eius</span> <span class='ocrx_word' id='word_1_247' title='bbox 1550 2561 1731 2600; x_wconf 78' lang='lat' dir='ltr'>vicariis:</span> 
     </span>
     <span class='ocr_line' id='line_1_34' title="bbox 413 2630 1732 2684; baseline -0.001 -15"><span class='ocrx_word' id='word_1_248' title='bbox 413 2644 511 2684; x_wconf 89' lang='lat' dir='ltr'>ergo</span> <span class='ocrx_word' id='word_1_249' title='bbox 553 2630 720 2670; x_wconf 89' lang='lat' dir='ltr'>illorum</span> <span class='ocrx_word' id='word_1_250' title='bbox 762 2640 859 2670; x_wconf 86' lang='lat' dir='ltr'>sunt</span> <span class='ocrx_word' id='word_1_251' title='bbox 893 2631 1037 2671; x_wconf 90' lang='lat' dir='ltr'>omnia</span> <span class='ocrx_word' id='word_1_252' title='bbox 1070 2631 1183 2670; x_wconf 85' lang='lat' dir='ltr'>bona</span> <span class='ocrx_word' id='word_1_253' title='bbox 1215 2630 1377 2682; x_wconf 86' lang='lat' dir='ltr'>mundi,</span> <span class='ocrx_word' id='word_1_254' title='bbox 1410 2630 1505 2670; x_wconf 90' lang='lat' dir='ltr'>licet</span> <span class='ocrx_word' id='word_1_255' title='bbox 1538 2644 1636 2683; x_wconf 76' lang='lat' dir='ltr'>ergo</span> <span class='ocrx_word' id='word_1_256' title='bbox 1676 2630 1732 2668; x_wconf 85' lang='lat' dir='ltr'>eis</span> 
     </span>
    </p>
   </div>
   <div class='ocr_carea' id='block_1_5' title="bbox 412 2700 1187 2754">
    <p class='ocr_par' dir='ltr' id='par_1_11' title="bbox 412 2700 1187 2754">
     <span class='ocr_line' id='line_1_35' title="bbox 412 2700 1187 2754; baseline 0.003 -14"><span class='ocrx_word' id='word_1_257' title='bbox 412 2714 538 2754; x_wconf 86' lang='lat' dir='ltr'>super</span> <span class='ocrx_word' id='word_1_258' title='bbox 569 2714 646 2740; x_wconf 89' lang='lat' dir='ltr'>suo</span> <span class='ocrx_word' id='word_1_259' title='bbox 680 2700 938 2753; x_wconf 88' lang='lat' dir='ltr'>patrimonio</span> <span class='ocrx_word' id='word_1_260' title='bbox 966 2700 1187 2742; x_wconf 87' lang='lat' dir='ltr'>dominari.</span> 
     </span>
    </p>
   </div>
   <div class='ocr_carea' id='block_1_6' title="bbox 415 2881 1731 2965">
    <p class='ocr_par' dir='ltr' id='par_1_12' title="bbox 415 2881 1731 2965">
     <span class='ocr_line' id='line_1_36' title="bbox 467 2881 1731 2919; baseline -0.002 -9"><span class='ocrx_word' id='word_1_261' title='bbox 467 2890 490 2911; x_wconf 81' lang='lat'>2.</span> <span class='ocrx_word' id='word_1_262' title='bbox 511 2884 537 2910; x_wconf 73' lang='lat' dir='ltr'>A</span> <span class='ocrx_word' id='word_1_263' title='bbox 559 2883 588 2911; x_wconf 85' lang='lat' dir='ltr'>in</span> <span class='ocrx_word' id='word_1_264' title='bbox 611 2891 724 2919; x_wconf 80' lang='lat' dir='ltr'>marg.:</span> <span class='ocrx_word' id='word_1_265' title='bbox 746 2884 835 2912; x_wconf 82' lang='lat' dir='ltr'>Unde</span> <span class='ocrx_word' id='word_1_266' title='bbox 857 2884 965 2919; x_wconf 82' lang='lat' dir='ltr'>prelati</span> <span class='ocrx_word' id='word_1_267' title='bbox 988 2883 1119 2911; x_wconf 76' lang='lat' dir='ltr'>ecclesie</span> <span class='ocrx_word' id='word_1_268' title='bbox 1144 2887 1294 2911; x_wconf 84' lang='lat' dir='ltr'>vocantur</span> <span class='ocrx_word' id='word_1_269' title='bbox 1315 2881 1445 2910; x_wconf 84' lang='lat' dir='ltr'>domini.</span> <span class='ocrx_word' id='word_1_270' title='bbox 1589 2890 1631 2916; x_wconf 84' lang='lat'>14·</span> <span class='ocrx_word' id='word_1_271' title='bbox 1654 2882 1681 2909; x_wconf 66' lang='lat' dir='ltr'><strong>A</strong></span> <span class='ocrx_word' id='word_1_272' title='bbox 1703 2881 1731 2909; x_wconf 85' lang='lat' dir='ltr'>in</span> 
     </span>
     <span class='ocr_line' id='line_1_37' title="bbox 415 2927 1731 2965; baseline -0.002 -8"><span class='ocrx_word' id='word_1_273' title='bbox 415 2938 530 2964; x_wconf 57' lang='lat' dir='ltr'>marg:</span> <span class='ocrx_word' id='word_1_274' title='bbox 551 2929 664 2958; x_wconf 82' lang='lat' dir='ltr'>Ficcio.</span> <span class='ocrx_word' id='word_1_275' title='bbox 809 2928 853 2957; x_wconf 86' lang='lat'>30.</span> <span class='ocrx_word' id='word_1_276' title='bbox 876 2933 903 2957; x_wconf 77' lang='lat' dir='ltr'><strong>A</strong></span> <span class='ocrx_word' id='word_1_277' title='bbox 924 2931 982 2965; x_wconf 73' lang='lat' dir='ltr'>A,:</span> <span class='ocrx_word' id='word_1_278' title='bbox 1004 2929 1155 2965; x_wconf 73' lang='lat' dir='ltr'>obiciam-3</span> <span class='ocrx_word' id='word_1_279' title='bbox 1177 2931 1203 2957; x_wconf 74' lang='lat' dir='ltr'><strong>A</strong></span> <span class='ocrx_word' id='word_1_280' title='bbox 1226 2929 1253 2958; x_wconf 82' lang='lat' dir='ltr'>in</span> <span class='ocrx_word' id='word_1_281' title='bbox 1277 2936 1391 2963; x_wconf 47' lang='lat' dir='ltr'>marga</span> <span class='ocrx_word' id='word_1_282' title='bbox 1415 2928 1541 2956; x_wconf 78' lang='lat' dir='ltr'>Contra.</span> <span class='ocrx_word' id='word_1_283' title='bbox 1568 2927 1731 2955; x_wconf 84' lang='lat' dir='ltr'>Obieccio.</span> 
     </span>
    </p>
   </div>
  </div>
 </body>
</html>
