2045 3312
277 272 365 300 CAP.
387 262 500 320 xvn.]
775 277 832 308 DE
862 277 1098 310 ECCLESIA.
1811 269 1890 322 393

124 392 155 425 C
185 391 356 435 183⁰que
389 382 439 421 ab
471 382 577 422 Abel
609 382 720 422 iusto
755 396 887 436 usque
920 383 972 422 ad
1005 382 1286 422 novissimum
1328 384 1507 424 electum
1541 385 1597 424 sic
1625 391 1709 455 d'ggise
1722 393 1875 456 gaug&

276 451 551 504 fructificavit,
584 461 684 492 tunc
718 452 786 492 illa
820 462 880 493 est
911 453 1122 493 extencior
1153 453 1196 492 in
1229 463 1335 494 etate
1359 468 1487 508 quam
1521 469 1597 508 pro
1626 463 1869 526 egileymfffrhffir

276 522 377 561 hora
400 522 634 562 undecima.
667 523 865 576 Sequitur
888 523 1021 564 enim:
1048 524 1161 563 Deus
1183 524 1307 564 habet
1329 524 1444 564 illam
1469 525 1596 565 eccle·
1873 519 1878 526 ⁸

276 592 394 644 siam,
428 606 525 646 ergo
558 593 627 633 illa
650 603 710 633 est
733 593 917 645 ecclesia,
952 603 991 634 et
1015 593 1225 647 sequitur:
1259 595 1325 634 Ab
1349 595 1456 634 Abel
1488 595 1599 635 iusto

243 673 409 716 §usque
443 664 495 703 ad
533 662 814 703 novissimum
849 664 1029 704 electum
1064 664 1132 703 illa
1164 664 1299 704 taliter
1337 665 1599 718 germinavit,

276 747 373 786 ergo
406 746 479 786 per
511 734 775 773 tantumdem
821 734 1024 787 temporis
1072 735 1162 788 ipsa
1195 734 1284 775 fuit.
1331 735 1385 776 Et
1422 737 1600 776 eandem

275 802 533 843 sentenciam
550 803 695 844 dicunt
708 804 987 858 Augustinus,
1008 804 1298 845 Crisostomus
1323 815 1362 846 et
1384 806 1599 847 decretum

275 887 322 913 ex
354 872 434 913 fide
456 873 657 926 scripture
690 871 756 929 (ut
779 874 944 913 ostendi
969 872 1202 930 superius);
1227 884 1266 916 et
1288 889 1428 917 revera
1451 877 1597 917 abbre-

275 943 386 984 viare
420 953 572 984 etatem
605 953 745 984 sancte
779 944 923 984 matris
957 944 1128 984 ecclesie
1162 946 1278 999 quod
1311 960 1398 986 non
1447 946 1524 987 fuit
1556 947 1597 987 in

220 1036 258 1058 10
275 1014 399 1054 veteri
432 1023 684 1055 testamento
730 1013 836 1054 foret
874 1024 1229 1068 presumptuosus
1263 1030 1375 1056 error
1419 1026 1457 1057 et
1489 1017 1597 1070 peri-

276 1085 446 1124 culosus
479 1084 631 1124 merito
664 1084 945 1137 revocandus;
979 1086 1096 1138 quod
1129 1099 1207 1138 ego
1241 1086 1379 1126 statim
1405 1087 1597 1139 facerem,

276 1155 308 1195 si
334 1154 469 1209 (quod
492 1153 614 1208 absit)
649 1154 765 1194 illam
783 1155 1062 1195 assercionem
1087 1156 1351 1197 temerariam
1374 1171 1596 1211 presump-

276 1225 436 1266 sissem.

227 1308 261 1341 D
336 1297 421 1336 Nec
454 1295 563 1335 valet
595 1295 730 1335 dicere
753 1296 869 1349 quod
893 1296 1063 1336 ecclesia
1094 1295 1171 1336 fuit
1198 1310 1272 1350 per
1293 1297 1390 1337 istas
1415 1307 1598 1352 quatuor

222 1380 256 1412 15
275 1375 402 1407 etates
435 1374 530 1406 ante
563 1366 913 1418 incarnacionem,
947 1367 1016 1405 sed
1049 1375 1149 1406 tunc
1182 1380 1268 1406 non
1302 1367 1380 1407 fuit
1412 1368 1596 1419 ecclesia,

242 1437 413 1491 1primo
447 1436 544 1491 quia
576 1445 663 1476 tam
694 1435 905 1477 literaliter
937 1450 1066 1490 quam
1089 1437 1249 1477 mistice
1272 1447 1446 1479 vocatur
1467 1439 1595 1479 eccle-

275 1507 335 1546 sia
382 1521 458 1560 pro
507 1516 696 1560 tempore
742 1507 891 1547 veteris
934 1507 1188 1559 testamenti,
1247 1507 1353 1548 sicut
1396 1517 1510 1562 patet
1553 1509 1595 1549 in

274 1577 482 1631 parabolis
517 1576 670 1617 Christi
701 1577 853 1631 quibus
886 1578 1052 1618 vocavit
1084 1577 1226 1618 fideles
1261 1579 1312 1618 ad
1350 1578 1524 1632 nupcias
1558 1590 1597 1620 et

274 1648 325 1686 ad
369 1647 652 1687 laborandum
697 1647 738 1687 in
782 1648 904 1688 vinea
962 1647 1027 1703 (ut
1070 1658 1184 1702 patet
1227 1649 1327 1688 Mat.
1379 1650 1517 1690 ΧΧΙΙΟ
1558 1661 1601 1703 εῖ-

215 1742 256 1764 20
272 1717 372 1758 Mat.
405 1715 536 1772 XX0),
582 1727 621 1757 et
659 1718 897 1758 secundum
943 1719 1100 1772 peritos
1140 1719 1382 1773 linguarum
1423 1721 1595 1761 ecclesia

272 1787 422 1828 dicitur
454 1788 707 1828 convocacio
740 1787 942 1842 fidelium,
984 1803 1201 1843 synagoga
1232 1800 1375 1830 autem
1420 1805 1592 1845 congre-

270 1859 388 1912 gacio
420 1857 623 1898 fidelium.
658 1858 755 1898 Ideo
785 1858 899 1911 prius
933 1858 1042 1899 dicta
1066 1869 1125 1899 est
1149 1860 1333 1912 ecclesia,
1366 1871 1593 1915 antequam

272 1928 405 1968 fuerat
437 1937 583 1968 vocata
616 1942 843 1983 synagoga.
898 1930 950 1969 Et
983 1930 1125 1983 quoad
1165 1943 1338 1970 sensum
1375 1931 1591 1983 literalem,

271 2007 385 2052 patet
418 1999 531 2052 quod
555 2012 651 2051 sepe
673 2008 824 2039 vocata
847 2009 907 2039 est
931 2000 1101 2040 ecclesia
1124 2014 1200 2053 pro
1230 2010 1420 2054 tempore
1443 2002 1591 2042 veteris

229 2069 520 2115 2testamenti.
583 2069 794 2121 Similiter,
840 2070 870 2109 si
916 2070 1087 2110 ecclesia
1121 2070 1198 2111 fuit
1240 2071 1282 2110 in
1316 2071 1449 2124 prima
1484 2081 1591 2113 etate

269 2139 432 2191 mundi,
466 2149 565 2180 tunc
598 2140 663 2180 vel
695 2140 799 2180 illud
833 2141 949 2194 quod
982 2150 1043 2181 est
1066 2141 1238 2181 ecclesia
1259 2142 1324 2181 vel
1346 2141 1450 2182 illud
1474 2144 1590 2197 quod

270 2209 346 2250 fuit
402 2209 584 2250 ecclesia.
642 2210 831 2250 Primum
884 2211 1103 2264 negabitur
1151 2221 1190 2252 et
1244 2213 1341 2252 dato
1401 2214 1588 2253 secundo

269 2289 436 2333 oportet
469 2295 566 2321 cum
598 2280 702 2321 veris
735 2280 870 2321 dicere
902 2282 1018 2334 quod
1050 2281 1119 2321 illa
1163 2283 1369 2336 adequata
1418 2284 1587 2325 ecclesia

270 2363 350 2404 que
383 2350 461 2391 fuit
492 2351 534 2390 in
566 2351 702 2404 prima
734 2360 839 2391 etate
872 2351 1020 2391 mundi
1054 2351 1132 2392 fuit
1162 2353 1204 2391 in
1237 2352 1306 2392 illa
1329 2362 1434 2393 etate
1458 2355 1586 2395 eccle-

211 2432 253 2464 30
270 2421 341 2472 sia,
394 2429 433 2460 et
482 2435 580 2461 cum
623 2421 693 2461 illa
736 2430 821 2461 etas
870 2422 986 2475 lapsa
1036 2431 1096 2462 est
1146 2436 1218 2475 per
1276 2424 1410 2464 multa
1456 2424 1587 2464 millia

268 2504 478 2531 annorum
499 2501 593 2531 ante
615 2492 953 2532 incarnacionem
976 2490 1143 2544 Christi,
1166 2493 1354 2547 sequitur
1375 2495 1493 2548 quod
1515 2509 1588 2548 per

267 2570 431 2601 tantum
476 2562 679 2615 temporis
731 2572 826 2602 ante
870 2562 1209 2603 incarnacionem
1265 2563 1342 2604 fuit
1393 2564 1582 2617 ecclesia;

268 2633 383 2684 quod
417 2646 494 2686 ego
530 2634 654 2673 credo
688 2646 776 2672 esse
809 2633 858 2672 de
891 2631 970 2672 fide
1004 2633 1187 2673 ecclesie.
1222 2633 1420 2674 Similiter
1451 2635 1582 2675 modo
1628 2646 1696 2674 The
1717 2646 1842 2676 Church

1597 2681 1695 2709 which
1708 2683 1825 2710 existed
1842 2684 1872 2711 in

226 2714 252 2746 3
268 2710 328 2741 est
360 2702 529 2742 ecclesia
552 2702 816 2756 triumphans
840 2717 921 2756 que
955 2702 1032 2743 fuit
1064 2703 1104 2742 in
1129 2703 1263 2757 prima
1292 2713 1396 2744 etate
1419 2706 1581 2757 mundi,
1597 2717 1725 2756 the-first
1743 2726 1816 2756 giges
1838 2726 1871 2745 as

1597 2752 1873 2822 mlliffitpffafiif'w

318 2881 342 2900 2.
364 2874 407 2901 A:
440 2875 601 2902 extensior.
746 2884 782 2902 12.
808 2874 843 2903 13.
875 2875 913 2903 ss:
948 2877 1190 2911 presumpsisse·
1220 2878 1248 2904 A
1269 2877 1298 2905 in
1321 2885 1436 2911 marg:
1467 2877 1579 2905 Ficcio.

265 2927 304 2947 21.
325 2920 371 2947 A:
392 2922 596 2957 congregacio
617 2922 766 2950 fidelium.
805 2924 843 2958 A¹
864 2923 935 2951 add.
955 2923 1134 2952 Iudeorum.
