2045 3312
184 284 265 322 402
902 279 1128 312 JoHANNIS
1156 280 1353 313 WYCLIF.
1575 268 1681 325 [CAP.
1702 278 1799 308 xvii.

474 385 681 439 principio
730 395 768 426 et
813 387 1072 440 quandoque
1119 401 1194 440 pro
1241 386 1332 440 ipsa
1375 387 1665 440 generacione,
1699 401 1798 442 ergo
1818 398 1952 441 1840H

474 455 665 496 Christus
710 457 823 496 Deus
872 466 1016 496 noster
1060 466 1119 497 est
1165 457 1428 497 christianus.
1487 458 1569 498 Sed
1616 459 1797 498 colorate

472 526 645 567 infertur
667 528 783 581 quod
805 528 922 567 Jesus
947 526 1140 568 Christus
1163 536 1304 567 noster
1326 528 1377 567 sit
1399 541 1530 581 genus
1553 528 1797 570 christiano—

472 612 580 650 rum,
614 598 711 652 quia
745 597 856 637 illius
889 597 1177 650 generacionis
1209 597 1481 651 principium.

200 677 266 705 0111·
285 681 445 715 oppqnent
531 669 611 709 Sed
647 668 826 709 finaliter
859 668 1069 722 colligitur
1102 682 1149 708 ex
1182 668 1301 708 dictis
1347 669 1566 722 quomodo
1595 668 1672 709 ista
1704 678 1831 711 sen-5

222 712 414 781 εἶῐιᾞέἒιιῐὲῑὸ
471 741 607 780 tencia
641 739 783 779 obviat
816 738 892 778 sibi
926 738 1018 792 ipsi.
1054 740 1163 779 Nam
1195 740 1493 792 respondendo
1526 739 1576 778 ad
1611 739 1797 792 primum

470 810 695 850 articulum
728 810 878 849 dicitur
900 808 1272 850 conclusionaliter
1303 810 1419 863 quod
1449 810 1631 850 velante
1664 810 1795 851 incar-

470 881 694 920 nacionem
732 889 818 919 erat
863 879 1035 919 ecclesia
1080 879 1298 932 catholica,
1345 889 1385 920 et
1428 879 1671 933 adiungitur
1715 895 1798 921 una

470 951 548 990 alia
582 950 799 991 conclusio
832 950 1031 1003 gloriosa,
1066 950 1222 990 scilicet
1254 951 1371 1004 quod
1403 950 1480 990 ista
1513 950 1683 990 ecclesia
1716 965 1798 1005 que

469 1021 624 1075 incepit
655 1021 696 1059 in
721 1029 856 1060 morte
881 1020 1034 1060 Christi
1054 1034 1127 1073 per
1159 1019 1361 1059 effluxum
1389 1020 1603 1073 sanguinis
1629 1029 1668 1060 et
1689 1035 1797 1076 aque
1817 1039 1856 1062 ιο

470 1106 491 1131 a
525 1105 702 1145 corpore
736 1091 823 1131 eius
857 1090 928 1130 diu
974 1090 1052 1130 fuit
1099 1099 1195 1130 ante
1242 1090 1584 1131 incarnacionem
1629 1091 1795 1142 Christi,

471 1163 539 1202 sed
588 1175 809 1215 nunquam
852 1170 947 1201 ante
993 1160 1147 1201 dictam
1192 1160 1533 1200 incarnacionem
1588 1161 1665 1201 fuit
1707 1162 1798 1215 ipsa

471 1233 655 1283 ecclesia,
702 1232 772 1272 sed
818 1245 1046 1285 synagoga.
1105 1231 1314 1271 Mirantur
1358 1230 1483 1284 logici
1528 1245 1614 1285 quo
1674 1246 1797 1272 sensu

471 1304 676 1344 diceretur
718 1303 796 1342 ista
840 1302 1056 1342 conclusio
1102 1311 1322 1355 tamquam
1372 1301 1521 1355 logica,
1579 1316 1677 1342 cum
1720 1302 1798 1343 ista

470 1374 640 1414 ecclesia
681 1373 790 1427 cepit
823 1387 925 1424 esse,
971 1381 1197 1426 antequam
1247 1371 1325 1412 fuit
1369 1386 1595 1426 synagoga,
1641 1381 1680 1413 et
1723 1387 1796 1426 per
1813 1380 1851 1413 15

470 1458 745 1498 consequenS,
769 1453 997 1496 antequam
1031 1442 1109 1483 fuit
1142 1442 1327 1482 ecclesia.
1348 1441 1468 1481 sslsta
1502 1455 1600 1495 ergo
1624 1443 1891 1493 ecclesia184<³

469 1529 554 1555 non
589 1514 697 1567 cepit
730 1514 832 1553 hora
871 1513 1021 1553 mortis
1062 1512 1231 1564 Christi,
1265 1526 1362 1552 cum
1396 1521 1492 1552 ante
1536 1512 1794 1553 incarnacio-

471 1600 565 1624 nem
601 1585 678 1624 fuit
710 1595 948 1638 synagoga,
982 1597 1056 1623 nec
1089 1591 1231 1636 potest
1264 1582 1345 1622 hoc
1390 1581 1646 1634 pertinenter
1688 1583 1792 1622 veri-

468 1654 579 1695 ficari
613 1656 662 1694 de
694 1664 920 1708 aggregato
954 1667 1001 1692 ex
1034 1653 1185 1693 talibus
1208 1652 1398 1706 personis
1428 1660 1467 1691 et
1491 1651 1626 1691 forma
1659 1667 1680 1691 a
1713 1666 1797 1706 qua

468 1726 769 1766 denominatur
801 1725 985 1775 ecclesia,
1020 1723 1119 1777 quia
1151 1723 1255 1763 illud
1290 1736 1366 1762 nec
1400 1721 1478 1762 fuit
1523 1731 1617 1762 ante
1662 1723 1793 1762 incar·
1811 1741 1853 1763 20

468 1796 690 1836 nacionem
725 1809 800 1835 nec
834 1794 912 1834 fuit
944 1807 1162 1848 synagoga
1209 1807 1284 1832 nec
1317 1792 1473 1845 incepit
1517 1806 1590 1845 per
1634 1792 1796 1833 dictum

467 1866 684 1915 effluxum,
720 1880 818 1905 cum
852 1879 928 1918 pro
961 1873 1062 1904 tunc
1096 1864 1330 1903 secundum
1376 1862 1501 1901 istam
1544 1862 1795 1915 opinionem

467 1951 554 1977 non
588 1936 666 1977 fuit
700 1936 905 1989 Christus,
940 1949 989 1974 eo
1024 1934 1142 1988 quod
1176 1947 1224 1972 ex
1256 1932 1337 1972 fide
1370 1932 1571 1986 scripture
1593 1933 1795 1973 Johannis

466 2008 564 2046 XXO
599 2007 791 2047 Christus
825 2016 924 2046 tunc
958 2005 1037 2045 fuit
1070 2013 1278 2044 mortuus.

188 2087 246 2115 ana
269 2088 439 2121 according
525 2078 642 2128 Item,
684 2077 796 2117 iuxta
832 2077 905 2115 hec
940 2075 1047 2115 dicta
1088 2075 1336 2124 sacerdotes,
1372 2073 1577 2126 prophete
1610 2082 1649 2112 et
1680 2087 1795 2127 reges
1812 2081 1851 2113 25

175 2128 205 2149 10
225 2123 271 2149 liis
293 2123 449 2151 delinition
540 2147 545 2153 .
712 2147 716 2152 .
994 2145 1002 2152 .
1050 2145 1056 2151 .
1586 2143 1593 2149 -

219 2159 301 2185 mere
323 2167 404 2185 were
467 2147 569 2199 legis
593 2157 740 2187 veteris
765 2157 880 2186 erant
905 2145 1058 2186 Christi
1083 2154 1128 2184 ut
1152 2144 1286 2194 Israel,
1312 2146 1468 2193 Aaron,
1492 2143 1639 2193 David,
1664 2153 1702 2183 et
1724 2157 1798 2196 per

223 2193 403 2268 &Sidi-Sli'ss
467 2231 746 2270 consequenS,
772 2217 964 2267 israelite,
990 2215 1190 2255 Aaronite
1220 2222 1259 2253 et
1288 2214 1441 2253 domus
1470 2212 1601 2252 David
1633 2212 1797 2252 fuerant

204 2263 414 2291 incarnation.
468 2287 692 2337 christiani,
723 2287 821 2340 quia
848 2285 1041 2339 discipuli
1069 2284 1222 2325 Christi
1255 2292 1464 2322 servantes
1501 2282 1722 2334 iusticiam,
1757 2292 1796 2322 et

465 2358 520 2397 ita
547 2358 781 2396 secundum
818 2370 991 2396 omnem
1030 2354 1364 2407 descripcionem
1400 2366 1529 2406 quam
1553 2352 1701 2392 doctor
1727 2353 1797 2392 dat

465 2429 514 2466 de
539 2427 775 2477 christiano,
794 2427 983 2480 sequitur
1007 2426 1124 2479 quod
1147 2434 1242 2464 ante
1266 2422 1606 2463 incarnacionem
1631 2421 1794 2462 fuerant
1810 2430 1852 2462 30

464 2498 687 2537 christiani.
724 2499 775 2537 Et
804 2497 843 2535 in
879 2495 1252 2536 confirmacionem
1289 2494 1399 2533 illius
1425 2493 1480 2532 sic
1504 2492 1644 2532 scribit
1670 2492 1792 2531 mihi:

467 2569 562 2617 Qui,
598 2568 746 2621 inquit,
783 2568 1015 2607 observant
1050 2568 1183 2620 legem
1221 2564 1376 2604 Christi
1411 2575 1559 2602 omnes
1591 2562 1792 2602 dicuntur

461 2638 694 2685 christiani,
713 2647 840 2690 prout
857 2646 976 2677 notat
992 2637 1138 2676 beatus
1148 2634 1426 2687 Augustinus,
1440 2632 1628 2685 Epistola
1642 2632 1789 2683 XLII³‚

512 2774 536 2802 3.
560 2775 598 2801 13:
620 2775 708 2802 Jesus
730 2775 824 2802 deest.
971 2773 994 2801 5.
1018 2775 1044 2801 A
1066 2774 1094 2800 in
1119 2780 1235 2807 marg-z
1257 2770 1338 2798 Nota
1359 2770 1486 2806 quando
1508 2769 1623 2804 incepit
1645 2767 1785 2795 ecclesia.

460 2822 561 2849 l‘rima
583 2821 757 2856 responsio.
904 2821 947 2848 25.
971 2821 998 2848 A
1019 2820 1048 2847 in
1072 2827 1190 2854 marg:
1212 2818 1355 2846 Secunda
1377 2816 1552 2852 responsio.

519 2930 571 2962 33·
600 2932 688 2972 Aug.
719 2928 875 2971 Epistola
903 2928 945 2958 ad
974 2927 1178 2958 Asellicum.
1206 2926 1298 2968 Opp.
1327 2931 1412 2956 torn.
1441 2924 1478 2964 ΙΙ,
1505 2934 1582 2966 pag.
1611 2922 1688 2965 734.
