2045 3312
195 247 273 298 542
911 254 1138 286 JOHANNIS
1168 256 1366 288 WYciilr.
1585 242 1690 301 [CAP.
1713 255 1809 284 xxn.

483 359 634 399 debent
662 358 822 412 facere
868 361 940 412 qui
977 359 1160 400 credunt
1201 368 1244 399 ut
1287 362 1462 414 corpori
1501 369 1810 403 resurrecturo
1827 375 1962 409 202⁰R

481 436 519 469 et
541 430 789 469 eternaliter
812 443 1018 470 mansuro
1051 432 1289 483 impensum
1313 431 1503 485 officium
1527 433 1582 472 sit
1603 433 1808 486 quodam—

212 487 440 558 ξέζὲᾶιῑηζζᾟξ
480 500 604 539 modo
652 499 824 539 evidens
870 500 1058 540 eiusdem
1088 501 1203 555 fidei
1246 502 1548 542 testimonium.
1596 502 1650 542 Et
1696 513 1811 556 patet

189 558 466 628 ἅθ’]εᾛὶζποῃβ
482 583 578 609 cum
614 570 705 609 talis
729 571 927 622 operacio
961 583 1046 609 non
1081 571 1133 610 sit
1166 585 1242 624 per
1274 585 1317 610 se
1351 572 1556 624 virtuosa,
1589 574 1661 612 sed
1687 574 1809 613 valde

483 653 557 692 per
601 639 798 680 accidens
845 641 963 694 quod
1013 641 1224 693 contingit
1268 655 1359 681 eam
1408 656 1519 682 nunc
1556 644 1660 682 bene
1700 653 1844 686 nunc5

483 711 590 749 male
636 709 741 749 fieri.
790 710 952 750 Cavere
997 720 1140 751 autem
1187 712 1394 752 debemus
1441 713 1492 752 de
1537 713 1703 752 malicia
1759 727 1810 752 ne

482 780 609 820 fastui
662 781 792 820 seculi
847 782 1138 834 principaliter
1191 782 1478 833 intendamus,
1542 796 1617 822 nec
1676 783 1810 836 magis

482 851 767 890 necessarium
807 851 1081 903 omittamus;
1129 852 1257 891 nichil
1307 853 1418 892 enim
1461 862 1524 893 est
1562 853 1697 905 magis
1739 867 1808 892 ne-

482 921 712 961 cessarium
759 922 1018 974 obsequium
1065 923 1278 975 agendum
1326 937 1404 976 pro
1450 923 1632 964 mortuis
1679 937 1810 976 quarn

482 991 624 1031 vivere
677 992 882 1031 virtuose.
947 992 1018 1031 Ille
1071 1006 1171 1045 ergo
1223 993 1467 1033 inordinate
1520 994 1608 1046 agit
1662 1007 1867 1036 curamio

481 1063 746 1116 corporalem
795 1076 872 1116 pro
918 1076 996 1102 suo
1042 1072 1215 1103 mortuo
1270 1064 1342 1116 qui
1382 1064 1476 1116 plus
1531 1064 1712 1103 attendit
1755 1063 1807 1102 ad

481 1134 595 1173 illam
629 1146 757 1186 quam
793 1133 843 1171 ad
879 1133 1359 1186 superhabundanciam
1383 1134 1560 1174 virtutis
1585 1134 1625 1173 in
1651 1133 1808 1174 animo.

482 1204 554 1243 Vis
608 1217 709 1256 ergo
763 1203 994 1243 affectuose
1039 1203 1248 1257 proficere
1294 1205 1435 1244 anime
1485 1204 1807 1257 defunctorum,

481 1274 661 1314 exercita
707 1283 746 1313 te
792 1274 932 1327 ipsum
974 1275 1013 1314 in
1060 1275 1173 1314 scola
1213 1275 1444 1327 virtutum3
1486 1275 1602 1329 quod
1644 1284 1805 1328 quanto

480 1345 575 1398 plus
624 1344 788 1397 feceris,
839 1354 959 1385 tanto
1005 1359 1102 1385 cum
1147 1346 1321 1398 paribus
1357 1345 1459 1385 facis
1494 1346 1678 1385 mortuis
1711 1345 1864 1398 plus15

480 1415 744 1468 profectum3
779 1424 951 1468 oportet
986 1429 1087 1468 ergo
1122 1416 1237 1455 iuxta
1270 1416 1455 1456 caritatis
1491 1416 1655 1468 regulas
1689 1416 1805 1469 quod

481 1495 696 1538 superstes
736 1486 989 1525 misereatur
1028 1487 1168 1525 anime
1210 1486 1383 1539 proprie
1415 1486 1585 1539 placens
1620 1486 1725 1537 Deo,
1766 1494 1807 1525 et

481 1556 533 1594 ad
579 1556 680 1595 illud
729 1556 1009 1610 consequitur
1054 1555 1349 1596 efficacissime
1394 1556 1645 1608 suffragium
1694 1569 1805 1595 mor-

482 1636 671 1667 tuorum.

538 1696 606 1736 Ad
640 1696 826 1749 primurn
852 1696 1070 1736 obiectum
1103 1705 1220 1749 patet
1253 1697 1370 1750 quod
1397 1697 1545 1736 beatus
1572 1695 1847 1749 Gregoriusa

480 1767 662 1806 intendit
707 1767 823 1820 quod
871 1767 969 1806 talia
1015 1767 1223 1820 obsequia
1272 1780 1354 1806 non
1402 1776 1583 1820 prosunt
1624 1767 1806 1808 mortuis

482 1838 558 1877 nisi
594 1837 702 1877 forte
735 1851 811 1890 per
846 1837 1053 1876 accidens.
1090 1838 1216 1877 Unde
1251 1837 1446 1890 sequitur
1480 1837 1519 1875 in
1557 1846 1673 1876 textu
1702 1837 1806 1877 Gre-

481 1908 608 1959 gorii:
656 1908 746 1947 Nec
793 1907 884 1947 ideo
931 1915 1073 1947 tamen
1123 1906 1458 1960 contempnenda
1504 1914 1544 1947 et
1581 1906 1807 1947 abicienda

479 1985 580 2018 sunt
611 1991 794 2031 corpora
829 1977 1138 2031 defunctorum
1174 1977 1446 2030 maximeque
1488 1978 1717 2027 iustorum,
1754 1990 1808 2016 ex

480 2063 561 2102 quo
606 2049 715 2088 illud
746 2048 982 2088 salubriter
1019 2047 1202 2088 discitur
1240 2057 1401 2101 quanta
1436 2047 1578 2100 possit
1609 2060 1700 2087 esse
1739 2056 1863 2088 re·25

482 2119 733 2159 muner-acio
759 2132 845 2172 pro
877 2119 1143 2169 elemosinis,·
1163 2132 1273 2172 quas
1304 2118 1537 2158 viventibus
1561 2124 1597 2157 et
1618 2117 1807 2158 sencien-

482 2190 592 2229 tibus
626 2189 859 2238 exibemus,
883 2188 960 2228 sed
992 2202 1125 2242 neque
1147 2190 1226 2227 hoc
1248 2187 1366 2241 apud
1389 2187 1529 2227 Deum
1556 2189 1676 2241 perit
1696 2187 1810 2241 quod

480 2273 534 2300 ex
565 2259 722 2299 animis
762 2259 981 2298 hominum
1024 2258 1224 2298 membris
1264 2257 1401 2311 officii
1432 2258 1666 2311 diligencia
1706 2271 1809 2310 per-

190 2356 221 2375 as
245 2350 283 2385 by
303 2330 685 2376 100muchsol11atur.
736 2330 794 2368 Ex
842 2343 927 2381 quo
974 2329 1142 2369 videtur
1191 2329 1308 2381 quod
1364 2329 1531 2367 racione
1579 2328 1808 2368 elemosine

191 2384 454 2412 ⁶³s⁶f⁰s⁵¹¹ffi¹⁸
481 2409 662 2454 prosunt
708 2398 919 2438 defunctis
966 2399 1063 2438 talia
1111 2398 1332 2452 obsequia,
1383 2407 1422 2437 et
1473 2399 1632 2437 obsunt
1665 2398 1722 2437 eis
1756 2398 1866 2437 desso

481 2479 643 2524 quanto
684 2470 867 2509 excitant
900 2469 1142 2509 affectantes
1178 2469 1229 2508 ad
1268 2467 1552 2508 affectandum
1582 2468 1807 2521 splenden-

482 2541 587 2580 ciam
643 2540 683 2579 in
740 2539 892 2578 mundi
946 2539 1093 2592 gloria,
1147 2539 1438 2592 a'ccusantque
1491 2546 1700 2588 mortuos,
1756 2537 1806 2576 de

534 2689 570 2716 ¹3.
585 2689 612 2716 A
625 2688 653 2715 in
668 2696 766 2722 marg.
778 2696 784 2714 ε
798 2687 878 2715 Nota
891 2687 1142 2715 efficacissimum
1155 2687 1341 2722 suffragium
1356 2690 1565 2714 mortuorum.
1674 2692 1720 2712 20.
1734 2685 1760 2712 A
1773 2684 1803 2712 in

483 2743 599 2769 marga
620 2734 701 2762 Nota
723 2742 778 2770 pro
800 2734 939 2770 exequiis
961 2739 988 2761 et
1009 2734 1169 2769 sepultura
1190 2734 1271 2761 circa
1293 2733 1449 2760 ecclesias.
1595 2730 1636 2760 25.
1660 2731 1698 2758 13:
1720 2732 1800 2759 salu-

483 2782 575 2809 briter
595 2781 774 2809 dimittitur.
917 2780 965 2808 28.
987 2780 1228 2816 diligentiaeque
1248 2780 1437 2816 persolvitur
1458 2781 1488 2807 in
1510 2779 1622 2807 decret.

542 2900 594 2933 23.
624 2900 758 2933 Decret.
786 2911 854 2934 sec,
881 2911 971 2944 pars,
1000 2910 1103 2933 causa
1133 2900 1220 2940 xm,
1248 2910 1280 2943 q.
1309 2900 1348 2941 lI,
1374 2909 1448 2942 cap.
1476 2898 1581 2931 xxii.
