2045 3312
286 278 376 307 CAP.
398 267 495 326 xxi]
794 282 854 313 DE
881 281 1118 312 ECCLESIA.

136 400 170 431 Η
198 403 272 442 ¹07⁰
287 387 478 442 deferre,
503 400 607 441 ergo
630 388 672 426 in
698 387 788 426 istis
811 387 932 426 nullo
957 386 1080 425 modo
1104 386 1375 438 imprimitur
1393 393 1606 426 caracter.

286 458 544 507 Dicendum,
595 456 744 510 inquit,
799 456 913 509 quod
957 455 1156 495 omnibus
1199 456 1427 496 ordinibus
1475 457 1610 496 datur

280 534 473 580 potestas
504 528 570 567 vel
600 527 843 580 spiritualis
874 526 926 566 de
964 538 1010 566 se
1046 526 1112 566 vel
1144 525 1201 565 ad
1231 527 1504 579 spiritualem
1539 540 1607 566 or-

285 597 452 638 dinans.
493 597 612 637 Unde
643 603 833 650 potestas
872 597 1067 636 hostiarii
1105 603 1169 636 est
1201 597 1258 636 ad
1297 596 1606 636 admittendum

251 679 265 709 5
285 669 474 708 lzomines
506 667 563 707 ad
590 667 778 707 divinum
802 667 1082 720 sacrificium,
1107 673 1303 720 potestas
1327 667 1499 707 lectoris
1523 680 1607 707 non

283 740 424 778 solum
458 738 516 778 ad
549 737 826 778 excitandum
860 736 1101 777 auditorem
1142 738 1415 785 exteriorem,
1459 750 1605 777 verum

283 811 416 849 eciam
451 809 714 860 interiorem,
749 815 787 848 et
817 808 878 848 sic
911 808 962 847 de
995 807 1106 847 aliis.

201 889 219 921 I
243 888 269 921 2
340 880 535 920 Secundo
568 879 624 919 sic
657 879 861 933 arguitur:
885 880 1089 918 Caracter
1111 885 1173 918 est
1193 878 1472 932 signaculum
1496 878 1610 931 quod

283 951 451 1003 respicit
493 951 559 990 vel
601 950 725 990 habet
756 950 945 1002 imprimi
987 950 1028 989 in
1062 950 1285 1002 ymagine
1327 948 1384 988 ad
1414 962 1490 988 con
1525 963 1607 1002 gu-

228 1021 467 1061 iorandum
512 1022 648 1073 ipsam
681 1021 797 1071 Deo,·
837 1020 913 1060 sed
944 1026 1065 1060 actus
1097 1018 1367 1072 quorundam
1407 1019 1606 1058 ordinum

280 1093 419 1132 solum
471 1099 572 1132 sunt
622 1092 736 1131 circa
790 1091 1024 1131 ministeria
1077 1090 1303 1144 inferiora,
1356 1103 1459 1144 ergo
1510 1103 1607 1129 cum

282 1163 384 1202 talia
419 1177 500 1202 non
533 1169 725 1215 spectant
756 1163 812 1202 ad
842 1161 1233 1215 coifiguracionem
1267 1161 1409 1208 liuius,
1443 1159 1608 1200 videtur

281 1234 393 1286 quod
432 1234 473 1272 in
507 1234 588 1273 illis
624 1233 769 1272 nullus
806 1239 1001 1272 caracter
1033 1232 1306 1285 imprimitur.
1352 1230 1606 1281 Dicendum,

280 1305 430 1358 inquit,
451 1305 563 1357 quod
585 1311 780 1343 caracter
801 1303 964 1343 ordinis
999 1310 1044 1342 ut
1074 1303 1392 1342 conservativus
1415 1302 1605 1341 animam

228 1378 264 1411 15
281 1389 357 1414 con
380 1376 525 1429 'gurat
541 1376 630 1414 Deo
651 1374 1159 1427 secundumymaginem
1174 1374 1299 1426 quasi
1320 1373 1605 1413 assimilatam

283 1446 388 1495 Deo,
421 1446 534 1499 quod
556 1446 779 1499 potissime
797 1445 857 1499 fit
884 1445 925 1484 in
955 1444 1104 1484 ordine
1130 1457 1348 1497 supremo,
1375 1444 1441 1483 vel
1468 1443 1605 1483 dicen—

280 1516 381 1555 dum
405 1516 517 1569 quod
540 1518 680 1569 magis
700 1515 879 1568 proprie
902 1528 978 1554 con
1011 1521 1202 1568 guratur
1224 1515 1308 1554 tale
1328 1514 1604 1568 signaculum

284 1587 465 1626 Christo.
497 1586 614 1626 Unde
647 1600 742 1626 cum
769 1586 963 1626 Christus
997 1585 1154 1638 triplex
1176 1584 1371 1624 hahuerit
1398 1584 1603 1638 officium,

279 1658 437 1697 scilicet
490 1657 673 1697 ministri
729 1657 770 1696 in
823 1656 1004 1710 agendo,
1050 1655 1218 1709 pugilis
1281 1655 1322 1694 in
1377 1655 1602 1707 paciendo,

222 1728 559 1781 wredemptoris
604 1728 644 1767 in
691 1728 922 1776 moriendo,
968 1727 1125 1779 triplex
1154 1726 1251 1780 fuit
1282 1733 1602 1765 sacramentum

276 1798 510 1838 secundum
545 1798 656 1851 quod
686 1799 808 1838 lzomo
840 1811 916 1837 con
949 1804 1140 1851 guratur
1166 1797 1227 1836 sic
1264 1796 1432 1835 Christo
1467 1796 1602 1849 tripli-

277 1869 403 1919 citer,·
447 1868 557 1908 unde
599 1875 764 1908 tantum
797 1875 859 1907 est
891 1867 1048 1920 triplex
1090 1873 1409 1906 sacramentum
1444 1868 1486 1906 in
1519 1880 1600 1920 quo

261 1939 320 1992 fit
351 1940 582 1979 caracteris
615 1939 850 1991 impressio.
886 1938 999 1977 Nam
1032 1937 1267 1990 baptismus
1299 1937 1602 1991 configuratur

279 2010 473 2049 morienti
509 2017 548 2049 et
586 2009 820 2058 redimenti,
861 2008 971 2048 unde
1008 2008 1213 2060 sepelitur
1245 2007 1367 2047 lzomo
1405 2008 1447 2047 in
1488 2022 1600 2047 mor—

222 2078 260 2110 25
278 2086 371 2119 tem.
411 2080 498 2119 Con
533 2080 693 2119 rmacio
738 2092 835 2119 vero
880 2092 956 2118 con
989 2085 1178 2131 guratur
1202 2078 1391 2131 pacienti
1422 2084 1460 2117 et
1484 2092 1599 2132 pug-

279 2151 410 2199 nanti,
455 2150 544 2190 ideo
585 2150 758 2203 signum
803 2149 941 2188 crucis
978 2149 1037 2203 fit
1075 2148 1115 2187 in
1144 2148 1313 2202 fronte.
1372 2148 1454 2188 Sed
1495 2149 1599 2189 ordo

277 2220 579 2274 configuratur
622 2220 884 2259 ministranti
914 2226 953 2259 et
990 2219 1197 2272 operanti,
1240 2219 1350 2259 sicut
1394 2220 1601 2273 magister

277 2289 457 2330 ostendit
508 2291 548 2330 in
603 2291 740 2339 litera,
792 2297 831 2330 et
881 2290 979 2343 quia
1032 2290 1073 2328 in
1127 2290 1321 2329 omnibus
1379 2290 1598 2331 ordinibus

277 2360 578 2414 configuratur
600 2361 780 2400 clericus
808 2360 971 2400 Clzristo
1000 2360 1236 2399 secundum
1252 2361 1357 2413 plus
1381 2368 1419 2400 et
1443 2362 1596 2411 minus,

237 2431 368 2470 3ideo
402 2431 442 2470 in
475 2431 670 2470 omnibus
704 2431 788 2470 illis
821 2437 1016 2470 caracter
1049 2430 1321 2483 imprimitur.
1365 2431 1516 2470 Tercio
1539 2431 1596 2471 sic

330 2609 354 2628 2.
376 2601 405 2629 A
425 2602 454 2629 in
476 2610 591 2637 marg.:
612 2602 800 2638 Responsio.
910 2602 946 2630 15.
968 2603 996 2629 A
1017 2602 1047 2630 in
1064 2610 1181 2638 marg-2
1202 2601 1390 2638 Responsio,
1499 2601 1540 2630 18.
1561 2602 1595 2630 In

277 2651 388 2679 codd.:
410 2649 527 2676 habuit.
636 2656 678 2676 22.
694 2650 722 2676 A
738 2649 768 2676 in
784 2657 900 2684 marg:
922 2647 1059 2676 Tantum
1079 2649 1110 2676 in
1125 2649 1223 2676 tribus
1239 2648 1444 2676 sacramentis
1460 2654 1596 2676 caracter

277 2697 476 2733 imprimitur.
621 2696 667 2723 28.
688 2697 715 2723 A
736 2696 766 2723 in
788 2703 903 2730 marg.:
930 2695 1040 2723 Utrum
1067 2695 1096 2723 in
1119 2695 1249 2731 singulis
1274 2695 1437 2723 ordinibus
1459 2700 1595 2723 caracter

278 2743 466 2778 imprimitur
487 2742 603 2777 (Below
625 2748 689 2778 1970
710 2742 840 2770 without
860 2743 947 2770 mark
967 2742 1003 2770 of
1019 2742 1198 2778 reference).

340 2871 390 2902 14.
407 2862 653 2893 Bonaventura
668 2862 688 2892 l.
704 2872 732 2893 c.
747 2868 784 2893 ut
799 2868 850 2893 est
866 2860 1104 2893 conservantis
1120 2861 1282 2894 animam.
1381 2872 1433 2904 ²7·
1451 2862 1503 2893 28.
1521 2871 1593 2893 ma-

277 2919 383 2961 gister
409 2919 572 2951 ostendit.
601 2921 730 2951 Bonav.
759 2921 779 2951 1.
807 2930 851 2951 c.:
880 2920 969 2952 sicut
993 2926 1085 2952 recte
1111 2920 1276 2952 ostendit.

1820 272 1892 310 501
