2045 3312
278 260 366 288 CAP.
381 250 479 308 vm]
796 263 855 294 DE
882 262 1117 295 ECCLESIA.
1824 249 1896 289 ¹63

142 378 390 414 D151¹¹neos
443 378 482 408 et
534 367 642 407 dicta
695 376 937 407 sanctorum
991 368 1217 407 doctorum
1268 381 1345 421 pro
1398 367 1473 407 ista
1517 372 1899 436 sen-doffilssffeffflsfim-

290 439 424 479 tencia
457 437 695 477 coloranda.
721 437 802 477 Sed
833 437 926 491 quis
960 439 1143 477 crederet
1164 437 1234 477 tali
1257 434 1392 477 scole?
1433 438 1485 477 Et
1517 418 1899 506 dicoronfgtffi'offllsc

290 509 526 549 mendaciis
558 507 899 561 allegacionum,
941 508 1039 561 quia
1078 509 1306 561 allegatum
1353 516 1413 546 est
1465 517 1610 547 contra
1684 487 1695 514 Ἰ
1757 497 1763 506 ‘
1846 500 1851 505 ⁴

289 593 356 619 me
388 578 549 618 dictum
570 578 812 631 Augustini,
846 591 972 631 super
997 578 1068 617 illo
1092 578 1248 617 Psalmi
1283 575 1343 629 Vi,
1377 587 1420 631 7:
1452 578 1609 618 Perdes

254 660 269 691 5
287 661 434 689 omnes
456 649 528 701 qui
548 649 752 701 loquutur
769 649 1053 697 mendacium,
1078 648 1246 688 subhac
1270 647 1424 688 forma:
1449 649 1607 699 Multa,

286 718 436 772 inquit,
473 719 674 758 videntur
711 732 797 770 pro
844 720 984 758 salute
1032 727 1107 758 aut
1150 719 1372 759 commodo
1425 719 1609 757 alicuius

286 803 368 829 non
404 789 593 838 malicia,
637 789 713 829 secl
757 790 1019 843 benignitate
1062 790 1311 830 mendacia:
1355 790 1482 843 quale
1514 789 1610 843 fuit

286 860 462 899 illarum
497 860 771 900 obstetricum
806 861 849 900 in
880 860 1034 900 Exodo
1067 873 1146 913 que
1181 860 1406 900 Pharaoni
1433 859 1606 913 fizlsum

287 931 672 981 renunciaverunt,
715 938 759 970 ut
791 931 982 985 infantes
1000 930 1203 984 filiorum
1238 930 1383 971 Israel
1416 944 1501 970 non
1537 943 1607 970 ne-

233 1021 270 1041 10
287 1008 507 1048 carentur‚
540 1001 615 1040 sed
648 1002 781 1040 eciam
807 1003 888 1041 ista
922 1015 1004 1041 non
1039 1003 1079 1041 in
1104 1015 1165 1050 re,
1199 1001 1273 1041 sed
1304 1003 1346 1041 in
1381 1001 1478 1041 dolo
1514 1001 1607 1040 lau-

285 1071 458 1111 dantur.
508 1071 562 1110 Et
606 1071 672 1111 hic
717 1081 866 1112 notant
898 1072 1124 1126 allegantes
1156 1072 1264 1112 hanc
1298 1071 1477 1111 forman]
1518 1085 1606 1110 ver—

286 1141 437 1180 borum
483 1143 706 1195 quomodo
753 1142 904 1196 aliquis
949 1151 1009 1182 est
1058 1142 1154 1195 pius
1199 1142 1323 1182 dolus
1374 1155 1460 1195 quo
1513 1141 1608 1181 licet

285 1211 406 1251 nobis
437 1211 681 1265 proximum
714 1212 966 1253 menciendo
999 1212 1201 1266 decipere.
1237 1213 1318 1253 Sed
1341 1226 1418 1265 ego
1450 1212 1606 1265 respexi

284 1281 442 1321 multos
486 1282 615 1322 libros
658 1283 887 1336 Augustini
934 1283 975 1322 in
1021 1283 1175 1337 quibus
1215 1283 1314 1323 dicit
1346 1283 1608 1323 concorditer

231 1361 267 1393 15
283 1354 400 1406 quod
441 1352 517 1392 iste
551 1354 792 1394 obstetrices
838 1354 877 1393 in
923 1354 1003 1394 isto
1048 1354 1272 1394 mendacio
1313 1363 1605 1407 peccaverunt,

282 1423 378 1462 licet
420 1432 642 1476 peccatum
682 1423 804 1464 fuerit
836 1424 1010 1464 Hebreis
1053 1424 1308 1477 proficuum,
1355 1426 1467 1465 unde
1508 1439 1605 1465 cum

284 1493 450 1533 nullum
498 1495 662 1534 bonum
703 1495 754 1534 sit
792 1495 1159 1547 irremuneratum,
1194 1496 1308 1535 Deus
1343 1510 1419 1549 pro
1452 1495 1606 1549 pietate

282 1577 411 1617 quam
464 1563 696 1605 habuerant
752 1564 847 1605 fecit
899 1580 966 1605 eas
1018 1566 1154 1606 taliter
1205 1566 1412 1619 premiari.
1483 1567 1606 1607 Unde

282 1633 480 1686 Magister
513 1634 798 1675 Historiarum
829 1650 955 1689 super
987 1636 1122 1676 Exodi
1169 1650 1257 1690 cap.
1293 1638 1367 1677 IIIo
1401 1638 1517 1690 quod
1550 1637 1606 1676 sic

228 1703 448 1757 20incipit:
494 1705 562 1744 De
595 1706 740 1745 indole
772 1707 1063 1758 obstetricum,
1114 1707 1171 1746 sic
1215 1707 1423 1760 loquitur:
1493 1708 1606 1756 Quia

283 1775 694 1824 timueruntDeum,
719 1776 930 1829 edificavit
954 1778 1042 1817 illis
1063 1777 1225 1828 domos,
1250 1777 1294 1817 ia'
1315 1784 1392 1826 est,
1418 1778 1606 1829 Iocuple—

284 1845 386 1884 tavit
417 1858 508 1894 eas,
555 1859 649 1885 cum
684 1854 825 1887 essent
850 1860 1088 1900 pauperes,
1135 1848 1202 1886 vel
1220 1847 1488 1901 fecundavit
1517 1861 1603 1898 eas,

284 1927 378 1953 cum
414 1923 556 1955 essent
586 1916 765 1956 steriles.
810 1919 1075 1969 Augustinus
1108 1931 1206 1956 vero
1232 1917 1331 1957 dicit
1363 1918 1604 1957 obstetrices

284 1984 500 2025 venialiter
522 1999 728 2038 peccasse,
764 1986 992 2040 Gregorius
1024 2001 1123 2027 vero
1153 1987 1316 2028 videtur
1346 1988 1451 2027 velle
1490 1990 1606 2041 quod

229 2061 268 2094 25
285 2055 534 2107 mortaliter3
558 2055 657 2095 dicit
689 2057 802 2095 enim
825 2058 941 2110 quod
968 2071 1132 2098 merces
1155 2059 1431 2113 benignitatis
1454 2071 1603 2099 earum

284 2138 369 2164 non
413 2127 555 2177 potuit
605 2127 646 2165 in
700 2134 849 2167 eterna
882 2129 965 2167 vita
998 2129 1195 2178 retribui,
1240 2129 1318 2170 sed
1353 2142 1438 2182 pro
1478 2130 1605 2181 culpa

285 2194 501 2235 mendacii
534 2197 575 2235 in
614 2203 831 2237 terrenam
857 2200 1255 2251 compensacionem
1287 2199 1503 2240 declinata
1528 2207 1604 2240 est.

335 2386 364 2412 4.
381 2379 451 2406 Ain
472 2380 806 2416 marg.:Augustinus.
823 2380 912 2408 Nota.
933 2380 991 2408 Pro
1012 2382 1178 2410 mendacio
1198 2381 1392 2410 obstitricum
1408 2383 1438 2411 in
1450 2383 1557 2411 Exodo
1578 2389 1607 2411 et

283 2429 400 2452 contra.
422 2425 443 2452 13
464 2425 494 2453 in
516 2435 612 2462 marg.
635 2435 717 2455 man.
740 2428 809 2455 alt.:
831 2427 875 2455 De
897 2428 1099 2456 obstetricum
1121 2429 1295 2458 mendacio.
1407 2438 1435 2465 9.
1460 2430 1493 2457 In
1513 2430 1603 2458 codd.

283 2479 344 2499 non
358 2472 451 2501 deest.
471 2473 600 2501 Correxi
621 2483 658 2501 ex
674 2475 755 2509 Aug.
777 2475 810 2502 In
832 2475 943 2511 psalm.
963 2478 996 2503 V¹
1020 2476 1103 2511 Opp.
1125 2476 1177 2513 lv,
1199 2485 1228 2512 p.
1258 2476 1297 2504 18.
1438 2485 1480 2505 10.
1500 2477 1605 2505 Verba

282 2517 451 2553 Augustini
467 2519 484 2547 l.
502 2527 545 2546 c.:
567 2519 628 2548 Sed
647 2521 744 2548 eciam
760 2521 817 2549 ista
833 2530 892 2550 non
910 2530 954 2559 re,
974 2523 1028 2550 sed
1042 2523 1147 2550 indole
1162 2523 1337 2552 laudantur.
1448 2532 1490 2559 19,
1505 2523 1605 2551 Exodi

283 2571 350 2600 cap.
372 2573 437 2601 seq.
459 2566 568 2593 lacuna
594 2567 623 2594 in
651 2568 761 2602 codd.;
793 2569 899 2596 addidi
927 2577 942 2596 e
971 2570 1040 2597 hist.
1071 2570 1146 2598 scol.
1172 2570 1253 2598 Petri
1283 2570 1486 2599 comestoris.
1525 2572 1553 2598 A
1574 2572 1604 2598 in

284 2617 398 2645 marg.:
425 2611 572 2647 Magister
592 2613 800 2642 historiarum.
944 2624 990 2643 20.
1011 2617 1072 2652 Ap¹
1095 2617 1218 2645 Petrum
1241 2617 1331 2645 Com.
1361 2626 1421 2645 non
1443 2618 1479 2645 de
1500 2617 1604 2645 indole

283 2656 336 2684 sed
358 2657 394 2685 de
415 2658 486 2686 dolo
507 2659 600 2695 leges,

348 2775 396 2808 18.
424 2777 512 2809 Vide
531 2778 621 2810 Petri
641 2780 796 2811 comest.
814 2780 893 2811 hist.
922 2781 997 2813 libri
1017 2782 1128 2814 Exodi
1148 2793 1221 2825 cap.
1241 2783 1295 2815 III.
1316 2783 1393 2822 (Ed.
1412 2783 1601 2825 Argentina

288 2833 383 2875 1515,
400 2835 459 2866 fol.
475 2846 505 2876 e,
527 2836 570 2879 3.)
588 2837 638 2868 De
653 2838 757 2869 Petro
776 2839 875 2870 Com.
893 2840 944 2874 Cf.
963 2840 1122 2883 VVyclif's
1139 2841 1210 2872 Pol.
1226 2841 1355 2873 Works
1372 2841 1410 2879 II,
1430 2851 1506 2883 pag.
1523 2841 1601 2881 454,

286 2902 336 2933 24.
365 2893 545 2926 Moralium
575 2895 630 2927 lib.
651 2897 770 2937 XVIII,
797 2907 871 2939 cap.
891 2898 943 2937 III,
965 2898 1055 2941 Opp.
1076 2906 1160 2930 tom.
1181 2900 1203 2939 Ι,
1230 2910 1305 2941 pag.
1329 2900 1403 2941 559.

1425 2963 1486 2989 11⁷³
