2045 3312
283 269 371 297 Cap,
390 260 485 316 Vnt]
796 272 856 303 DE
883 270 1104 301 ECCLESIA

130 390 167 423 G
188 378 475 430 15.1=1egiatam
520 378 752 429 approbare
798 375 1015 414 mendacia
1049 374 1253 414 diffideret
1285 376 1401 428 quod
1435 376 1605 415 ecclesia

282 447 349 486 illa
393 447 595 500 recipiens
641 460 687 484 ex
733 445 856 485 titulo
890 444 1119 484 elemosine
1153 459 1176 483 a
1208 444 1382 483 seculari
1418 445 1604 497 principe

282 520 391 558 bona
425 516 669 557 huiusmodi
704 516 782 555 sub
816 515 1065 554 condicione
1098 515 1215 568 quod
1248 515 1452 567 rependat
1486 515 1603 567 spiri-

281 589 391 628 tuale
415 587 676 639 suffragium,
700 585 949 625 mentiretur
971 585 1014 623 in
1037 584 1326 624 defraudando
1347 599 1370 623 a
1394 585 1604 637 promisso

248 672 262 702 5
281 657 491 710 suffragio.
527 658 624 696 Ideo
658 656 736 695 ista
759 656 906 708 opinio
931 655 1036 694 foret
1056 655 1238 708 pessima
1260 656 1312 694 ad
1334 656 1445 694 bona
1475 655 1603 694 eccle-

281 729 337 767 sie
370 727 547 766 fideliter
590 726 921 780 procurandum.
956 726 1008 765 Et
1041 727 1188 765 eadem
1221 734 1282 765 est
1321 725 1606 764 consideracio

280 799 331 837 de
363 797 499 837 causis
532 797 735 847 civilibus,
769 797 885 849 quod
919 795 1163 849 inpossibile
1196 804 1258 835 est
1297 804 1340 835 ut
1390 794 1607 834 mendacia

281 868 370 907 illas
415 868 479 907 vel
527 866 827 907 contenciones
868 866 1028 919 aliquas
1071 866 1254 919 legitime
1293 873 1606 918 promoverent.

283 938 611 977 Consideremus
662 950 759 990 ergo
812 938 929 990 quod
975 936 1165 976 Christus
1218 935 1455 975 incurrebat
1506 943 1609 987 aput

230 1034 267 1053 μ,
283 1009 533 1057 sacerdotes,
588 1007 802 1060 phariseos
855 1016 894 1046 et
946 1006 1098 1045 scribas
1144 1005 1442 1059 apparenciam
1487 1005 1606 1044 diffa-

282 1078 500 1127 macionis,
546 1077 728 1117 maxime
774 1092 820 1116 ex
859 1077 940 1116 hoc
974 1078 1090 1130 quod
1123 1077 1360 1129 detegendo
1394 1075 1608 1114 veritatem

283 1158 321 1188 et
365 1149 631 1201 reprobando
676 1161 824 1186 eorum
871 1146 975 1186 vicia
1017 1146 1210 1199 purgavit
1242 1145 1460 1185 ecclesiam
1492 1154 1531 1184 et
1565 1154 1609 1184 ut

282 1219 338 1259 sic
371 1219 567 1272 aquisivit
589 1218 665 1257 sibi
690 1231 847 1256 nomen
880 1217 998 1270 quod
1026 1227 1088 1256 est
1116 1229 1242 1269 super
1273 1229 1401 1255 omne
1435 1229 1607 1266 nomen,

282 1304 482 1343 superans
516 1289 749 1342 quamlibet
782 1288 939 1326 famam
972 1287 1133 1326 mundi.
1187 1286 1253 1326 Sic
1287 1300 1364 1325 nos
1398 1285 1607 1325 christiani

231 1374 264 1405 15
282 1361 485 1400 debemus
517 1369 655 1399 tenere
688 1357 904 1397 veritatem
938 1366 977 1396 et
1009 1356 1224 1409 privilegia
1256 1356 1426 1396 ecclesie
1454 1355 1607 1395 Christi

281 1430 502 1470 defendere
530 1438 739 1482 quantum
768 1427 1000 1467 sufficimus
1024 1441 1099 1466 nec
1128 1440 1269 1466 curare
1292 1426 1341 1465 de
1372 1425 1481 1465 fama
1515 1425 1607 1476 alia,

283 1501 357 1540 nisi
392 1501 442 1540 de
476 1509 635 1553 quanto
668 1498 846 1537 adicitur
878 1512 926 1537 ex
958 1497 1122 1537 virtute.

230 1586 267 1618 Η
342 1571 422 1611 Sed
475 1569 603 1610 tercio
657 1568 895 1608 notandum
949 1581 1025 1620 pro
1080 1566 1267 1606 ulteriori
1321 1565 1607 1605 declaracione

284 1640 603 1695 privilegiorum
648 1638 816 1679 ecclesie
863 1638 980 1691 quod
1028 1636 1295 1690 privilegium
1336 1646 1396 1675 est
1450 1637 1607 1689 privata

227 1712 361 1762 201ex,
408 1724 606 1750 concessa
637 1724 660 1749 a
693 1708 882 1762 principe
914 1709 966 1746 ad
1000 1707 1279 1746 commodum
1329 1706 1499 1746 ecclesie
1544 1707 1609 1746 vel

284 1795 473 1835 persone.
511 1781 632 1820 Unde
665 1778 717 1834 (si
751 1792 837 1817 non
862 1777 1000 1830 fallor)
1036 1777 1174 1816 omnis
1208 1777 1321 1816 bona
1343 1777 1407 1816 lex
1441 1786 1606 1829 tempo-

282 1852 377 1891 ralis
423 1851 489 1890 vel
537 1849 782 1890 humanitus
827 1849 1051 1887 adinventa
1095 1860 1171 1899 pro
1216 1846 1392 1886 utilitate
1437 1846 1608 1885 ecclesie

282 1921 421 1961 vocari
466 1929 605 1973 potest
648 1918 913 1972 privilegium
961 1916 1144 1967 ecclesie,
1191 1930 1289 1956 cum
1332 1916 1472 1955 omnis
1517 1916 1608 1955 talis

283 1992 347 2030 lex
391 1991 442 2030 sit
493 1991 653 2044 privata
704 1989 845 2042 quoad
893 1997 1061 2040 tempus
1110 1996 1149 2026 et
1201 1986 1426 2040 populum.
1485 1987 1607 2025 Unde

228 2074 266 2106 25
284 2062 399 2114 quod
447 2061 592 2113 legiste
636 2069 789 2099 vocant
832 2059 929 2098 talia
967 2057 1056 2097 iura
1089 2056 1336 2096 communia
1368 2070 1453 2096 non
1488 2057 1608 2095 obest

283 2131 385 2185 quin
430 2131 513 2170 sint
558 2130 730 2183 privata,
779 2129 877 2182 quia
919 2128 960 2167 in
1006 2127 1312 2167 communitate
1355 2127 1499 2180 legum
1546 2135 1606 2165 est

283 2203 379 2241 dare
424 2201 635 2254 quotlibet
677 2200 843 2253 gradus,
884 2208 922 2238 et
960 2198 1023 2237 lex
1058 2198 1217 2251 privata
1248 2206 1387 2251 potest
1428 2210 1605 2236 crescere

283 2272 324 2310 in
359 2271 665 2310 communitate
703 2270 845 2323 quoad
884 2278 1066 2321 tempus,
1112 2268 1257 2307 locum
1295 2277 1334 2307 et
1365 2281 1605 2320 personam.

284 2342 369 2381 Lex
401 2351 543 2381 autem
577 2340 755 2380 caritatis
788 2354 918 2393 quam
951 2339 1089 2378 omnis
1123 2338 1255 2377 homo
1289 2338 1412 2377 debet
1443 2351 1609 2390 semper

229 2424 270 2455 30
285 2422 324 2451 et
368 2411 524 2464 ubique
568 2421 707 2450 tenere
746 2419 806 2448 est
844 2409 908 2448 ius
948 2407 1353 2448 communissimum
1392 2407 1499 2446 sicut
1531 2407 1607 2445 alie

283 2482 395 2534 leges
442 2480 753 2520 condicionales
787 2493 890 2532 quas
924 2478 1013 2531 ipsa
1050 2478 1254 2530 implicat.
1308 2477 1435 2516 Addo
1476 2476 1607 2516 eciam

286 2551 605 2590 distinccionem
630 2548 799 2589 ecclesie
824 2550 885 2588 vel
911 2561 1103 2601 persone,
1137 2547 1235 2600 quia
1257 2547 1289 2586 si
1313 2556 1479 2586 tantum
1503 2555 1608 2585 esset

288 2636 370 2660 una
415 2630 599 2660 creatura
631 2619 849 2658 racionalis
893 2618 1166 2671 privilegiata,
1211 2627 1312 2657 tunc
1354 2630 1439 2656 non
1479 2616 1605 2669 privi-

286 2691 507 2743 legiaretur
539 2689 723 2729 ecclesia.
757 2688 1028 2740 Privilegium
1062 2701 1160 2740 ergo
1185 2696 1245 2726 est
1267 2686 1456 2739 specialis
1479 2686 1605 2724 licen-

341 2813 381 2841 18.
414 2815 453 2848 A¹
486 2813 547 2841 Sed
578 2813 716 2840 ulterius.
863 2820 905 2846 ις).
938 2813 965 2838 Α
998 2811 1027 2838 in
1059 2820 1172 2847 marg:
1211 2811 1293 2846 Quid
1322 2815 1367 2837 est
1388 2809 1604 2845 privilegium?

288 2867 331 2886 22.
354 2862 391 2887 A.
417 2859 446 2886 iu
467 2868 583 2894 marg:
612 2859 725 2886 Omnis
751 2859 799 2886 lex
820 2858 996 2885 humanitus
1026 2858 1192 2885 adinventa
1218 2857 1300 2883 utilis
1325 2861 1370 2882 est
1397 2855 1602 2889 privilegium.

289 2905 331 2932 25.
354 2908 409 2940 Al:
431 2906 513 2940 quod
535 2905 649 2933 iuriste.
794 2904 835 2931 32.
859 2904 1028 2931 disti1ietim
1051 2904 1080 2930 in
1102 2903 1193 2930 codd.

1814 261 1889 312 167

1648 943 1752 970 Christ
1773 944 1872 977 spolie

1646 978 1728 1005 trutli
1749 979 1877 1005 without

1641 1013 1749 1048 regard
1776 1018 1807 1051 to
1833 1013 1880 1040 liis

1668 1053 1853 1084 reputation.

1633 1574 1680 1600 ΑΙΙ
1703 1574 1777 1600 lau-s
1800 1577 1887 1601 made

1636 1608 1684 1635 for
1705 1610 1754 1636 the
1778 1610 1889 1636 benerit

1635 1644 1669 1671 of
1688 1644 1736 1671 the
1758 1644 1884 1671 cliui-cli

1641 1687 1711 1714 may
1731 1679 1768 1705 be
1789 1680 1886 1706 called

1647 1714 1823 1749 privileges5
1846 1723 1879 1741 as

1636 1749 1728 1784 being
1748 1749 1776 1776 in
1799 1757 1886 1776 some

1636 1784 1747 1819 degree
1769 1784 1885 1818 private

1719 1819 1803 1846 Iaws.

1635 2356 1703 2384 The
1725 2356 1878 2384 universal

1640 2392 1698 2419 law
1719 2393 1744 2419 is
1764 2393 1828 2419 that
1849 2392 1884 2419 of

1699 2427 1826 2462 churity.
