2045 3312
274 257 361 285 CAP.
384 245 487 304 xxi]
779 262 837 294 DE
864 262 1101 296 ECCLEsm.
1807 260 1848 300 51
1867 275 1878 299 1

123 366 485 421 Q1980temporis,
545 379 724 418 persone
769 367 1001 409 ordinande
1046 378 1086 409 et
1124 370 1392 423 superiorum
1424 372 1596 412 licencie

275 435 527 476 attencione.
562 436 685 476 Unde
717 436 869 477 dicitur
891 439 1175 479 communiter
1207 442 1323 493 quod
1355 442 1596 496 regulariter

275 505 317 544 in
352 505 635 545 celebracione
664 506 866 546 ordinum
888 508 964 548 rite
997 507 1104 548 facta
1126 509 1240 549 Deus
1261 511 1447 564 graciose
1477 526 1592 552 coas-

177 585 254 631 198¹
269 574 376 614 sistit
409 575 548 615 dando
581 576 776 629 graciam.
800 577 854 617 Et
876 577 901 605 ’θ
923 577 1019 618 ideo
1053 593 1220 619 necesse
1244 590 1305 620 est
1328 591 1593 634 peccatorem

234 645 553 690 5ordinandum
605 647 763 686 conteri
814 648 865 687 de
915 649 1108 701 peccatis
1163 650 1276 690 Deus
1330 651 1444 691 enim
1488 653 1591 692 dans
1619 670 1690 699 Goa
1711 671 1795 706 gives
1815 671 1866 698 the

267 724 520 768 potestatem
565 718 616 756 ad
660 717 988 759 ministrandum
1034 720 1104 760 dat
1144 720 1277 761 eciam
1315 721 1499 775 graciam
1537 723 1588 762 ad
1635 707 1847 772 g{{{‘{a‘‡1{etf¹,¹te

266 785 458 826 officium
489 788 784 841 exequendum
826 788 905 828 nisi
951 789 1224 843 indisposicio
1270 791 1451 831 ordinati
1495 805 1587 845 pre·
1604 779 1883 852 ζὲξξζὲᾆῇᾖῇἓζξ

264 856 415 908 pediat.
464 857 587 897 Unde
627 857 669 897 in
709 858 921 912 baptismo
960 869 998 899 et
1038 874 1299 915 quocunque
1338 862 1420 902 alio
1453 856 1632 902 sacra-¹¹¹
1657 850 1881 886 “mmmmm

262 934 408 966 mento
459 927 665 967 subducta
713 928 952 969 assistencia
997 929 1152 971 Christi
1200 932 1336 971 dantis
1387 933 1585 985 graciam,

209 1018 247 1039 10
265 1008 345 1048 que
395 996 446 1036 sit
488 1011 553 1037 res
592 999 855 1051 sacramenti,
902 999 949 1040 fit
986 1014 1034 1040 ex
1084 1001 1414 1055 indisposicione
1456 1004 1584 1043 susci-

261 1065 413 1119 pientis
466 1078 778 1109 sacramentum
819 1070 1035 1124 equivoce.
1089 1072 1424 1126 Verumptamen
1471 1074 1583 1113 Deus

260 1145 359 1188 post
391 1138 673 1179 sacracionem
707 1140 893 1193 episcopi
925 1155 1022 1194 sepe
1057 1140 1153 1181 facit
1182 1143 1376 1183 ordinem
1411 1144 1580 1183 remini-

262 1221 385 1262 scere,
418 1208 506 1262 ipse
540 1209 653 1248 enim
676 1210 746 1250 dat
768 1211 1011 1264 regulariter
1043 1225 1132 1252 rem
1164 1213 1428 1266 sacramenti,
1453 1223 1491 1254 et
1523 1214 1579 1254 sic

259 1277 357 1318 facit
387 1292 486 1332 sepe
519 1280 685 1321 ordines
719 1281 842 1320 nobis
874 1282 1099 1336 incognite.

206 1357 240 1389 15
315 1349 437 1389 Unde
475 1363 658 1390 vacuum
696 1351 860 1391 videtur
903 1352 1007 1391 mihi
1052 1354 1168 1406 quod
1207 1353 1483 1393 sollicitemur
1527 1355 1578 1394 ad

255 1420 519 1472 querendum
562 1422 748 1475 quando,
793 1422 971 1475 qualiter
1009 1433 1048 1463 et
1086 1424 1239 1477 quibus
1283 1424 1418 1465 verbis
1463 1425 1576 1464 Deus

255 1489 464 1529 ordinavit
515 1492 733 1543 apostolos
785 1492 849 1531 vel
903 1492 1073 1533 beatum
1116 1494 1299 1534 Paulum
1350 1503 1422 1534 aut
1472 1495 1575 1534 alios

257 1558 499 1612 discipulos.
534 1560 692 1602 Cavere
723 1571 865 1602 tamen
889 1563 1091 1603 debemus
1118 1564 1278 1604 solicite
1312 1578 1363 1604 ne
1396 1566 1575 1617 pseudo-
1595 1583 1664 1611 The
1687 1592 1825 1620 purpose
1843 1586 1878 1614 of

255 1628 390 1669 clerici
423 1629 584 1684 fingant
618 1646 660 1672 se
692 1646 781 1672 esse
804 1632 1018 1673 ordinatos
1051 1648 1072 1673 a
1095 1634 1186 1674 Deo
1209 1636 1261 1675 ad
1284 1635 1363 1674 tale
1388 1634 1574 1675 officium
1623 1622 1802 1684 Osdfssfflffln
1824 1657 1850 1684 js

195 1719 237 1740 20
256 1699 486 1741 clericatus.
534 1702 601 1740 Ad
647 1702 728 1741 hoc
768 1702 881 1742 enim
914 1704 1131 1744 ordinatur
1164 1705 1386 1744 ordinandi
1422 1706 1576 1745 exami-
1642 1692 1826 1763 ‘finfffgffifff

254 1768 389 1819 nacio‚
442 1770 629 1823 episcopi
688 1772 918 1812 celebracio
965 1783 1004 1813 et
1049 1774 1269 1827 signorum
1313 1775 1577 1815 sensibilium
1645 1759 1836 1795 *semndffls‘

253 1837 473 1891 figuracio,
522 1849 568 1879 ut
615 1840 671 1881 sic
716 1842 950 1883 innotescat
995 1844 1167 1884 ecclesie
1207 1845 1464 1885 discolorum
1509 1861 1576 1885 ex-

254 1908 409 1959 clusio;
455 1910 682 1964 utrobique
732 1920 873 1952 tamen
918 1927 1015 1966 sepe
1061 1915 1268 1968 contingit
1314 1915 1468 1955 illusio.
1525 1917 1576 1955 Et

255 1976 321 2031 (ut
354 1992 450 2031 sepe
485 1978 587 2034 dixi)
622 1982 877 2021 credendum
912 1992 973 2022 est
1005 1984 1202 2037 precipue
1237 1985 1353 2038 operi
1387 1986 1576 2038 legitimo

194 2058 231 2089 25
252 2048 447 2089 ordinati.

196 2127 234 2160 R,
309 2118 401 2158 Istis
441 2120 652 2172 premissis
690 2121 855 2162 videtur
900 2123 1002 2162 mihi
1051 2134 1262 2177 quantum
1301 2127 1351 2165 ad
1392 2126 1572 2178 primam
1627 2146 1671 2171 Λ5
1692 2147 1832 2174 outward

251 2189 572 2230 conclusionem
606 2193 736 2244 quod,
771 2193 877 2233 sicut
911 2195 1018 2233 ordo
1052 2204 1247 2248 acceptus
1281 2196 1410 2235 tercio
1440 2197 1573 2235 modo
1615 2181 1844 2256 cgriiigrsrsecirgy

249 2267 308 2297 est
353 2270 625 2312 aggregatum
661 2275 707 2300 ex
749 2263 891 2302 multis
937 2263 1065 2316 signis
1112 2265 1394 2317 sensibilibus,
1440 2267 1572 2307 eciam
1607 2252 1856 2326 riiiivt'rquiiiiii)

249 2328 455 2379 paulatim
487 2330 529 2369 in
564 2330 735 2370 diversis
759 2341 798 2372 et
822 2333 1024 2373 intercisis
1048 2335 1312 2387 temporibus
1336 2337 1570 2377 celebratis:
1615 2329 1836 2384 ‘s'i'fflhlsgsjffl

189 2408 232 2439 30
249 2397 306 2436 sic
339 2399 445 2437 ordo
478 2401 674 2453 superior
714 2413 911 2456 acceptus
944 2406 1131 2445 secundo
1166 2407 1296 2445 modo
1331 2415 1391 2446 est
1425 2421 1568 2461 ‘iggre-
1601 2393 1854 2460 possffiqfflsscghafe

249 2477 396 2519 gatum
441 2483 488 2509 ex
527 2471 696 2511 diversis
737 2474 1011 2513 caracteribus
1052 2475 1137 2515 sive
1175 2461 1862 2534 signaculis;2111055335¹¹2¹1¹3e3sij¹

248 2538 361 2576 Deus
394 2539 464 2579 dat
496 2542 767 2594 appropriate
801 2543 927 2583 simul
950 2545 1014 2584 vel
1048 2545 1253 2596 intercise,
1288 2556 1327 2586 et
1359 2556 1459 2586 sunt
1482 2547 1569 2587 eius
1674 2531 1763 2565 (³⁰³³

247 2616 382 2659 partes
429 2611 706 2663 quantitative
755 2627 843 2651 non
889 2616 1028 2668 quoad
1081 2616 1254 2667 molem,
1310 2617 1381 2655 sed
1428 2619 1570 2670 quoad

244 2686 512 2732 potestatem,
546 2680 602 2720 ita
641 2683 773 2735 quod,
818 2693 1035 2738 quotquot
1067 2695 1183 2725 actus
1228 2686 1440 2738 legitimos
1477 2688 1570 2740 quis

186 2755 227 2787 35
245 2746 399 2788 sufficit
433 2749 579 2802 facere,
612 2760 677 2790 tot
710 2763 935 2794 caracteres
969 2755 1093 2794 habet
1125 2757 1244 2795 datos
1278 2771 1300 2795 a
1326 2758 1415 2795 Deo
1451 2771 1565 2796 com-

295 2896 331 2922 15.
352 2897 380 2923 A
400 2898 429 2924 in
452 2906 569 2933 marg:
592 2899 681 2928 Nota.
828 2903 874 2931 26.
898 2905 923 2930 A
946 2904 975 2930 in
998 2913 1112 2938 marg:
1136 2904 1319 2939 Responsio.
