2045 3312
134 281 210 321 180
837 294 1063 326 JOHANNIS
1089 293 1286 326 WYCLIF.
1524 280 1632 340 [em.
1653 291 1732 321 vm⁴

118 405 298 468 negfgcrtg)
325 407 392 469 ism
408 398 520 450 dicit,
555 412 653 438 nam
685 400 748 438 lex
785 400 1059 439 consiliorum
1095 407 1155 439 est
1192 409 1406 452 perpetua,
1450 414 1534 439 non
1578 401 1829 446 habens153*>
1856 415 1885 447 T

116 469 680 538 statecezfceinno-contrarium,
713 483 809 510 cum
843 470 964 523 ponit
987 469 1206 509 hominem
1245 469 1284 508 in
1319 478 1442 523 stata,
1476 471 1598 511 statui
1634 471 1733 511 utri-

408 553 542 593 usque
573 539 817 580 innocencie
840 539 1149 594 propinquiori,
1193 549 1349 580 statum
1382 550 1526 580 autem
1569 541 1731 595 magni-

407 609 562 649 tudinis
585 611 778 651 secularis
802 619 968 664 oportet
991 611 1176 650 deserere
1194 619 1366 663 propter
1388 611 1475 650 eius
1499 625 1734 665 repugnan-

406 679 513 719 ciam
547 681 671 720 statui
704 681 987 722 beatitudinis,
1022 681 1257 729 Quomodo
1298 695 1395 734 ergo
1430 696 1515 721 non
1561 691 1620 722 est
1652 683 1767 727 alio5

405 759 513 790 statu
566 751 851 804 inperfeccior,
887 765 983 791 cum
1034 751 1201 804 respicit
1251 752 1586 805 magnitudinem
1625 762 1731 793 tem-

404 820 594 873 poralem
627 836 756 875 quam
791 830 960 874 oportet
998 821 1198 873 deserere,
1244 822 1349 862 alius
1393 832 1535 862 autem
1569 823 1731 877 magni-

403 890 594 931 tudinem
627 891 792 931 virtutis
825 905 954 946 quam
977 901 1143 945 oportet
1176 906 1340 946 semper
1363 890 1536 933 habere?
1561 894 1621 933 Ex
1645 894 1731 933 istis

404 961 615 1014 colligitur
656 963 772 1016 quod
823 961 986 1002 domini
1032 963 1286 1016 temporales
1329 973 1502 1016 possent
1549 964 1730 1004 maxime

113 1036 389 1100 Inlgenfjigglectffle
403 1031 579 1071 zelando
638 1047 715 1086 pro
772 1033 997 1087 privilegiis
1055 1033 1225 1073 ecclesie
1292 1047 1514 1073 exonerare
1571 1034 1726 1073 clerum
1751 1056 1788 1077 ιο

111 1080 388 1171 σῐεῑγῆζέῚι“Ι;ἲῖεκὲςε
404 1116 529 1141 suum
571 1103 621 1142 ab
661 1103 949 1157 occupacione
994 1104 1299 1157 temporalium
1343 1119 1425 1158 que
1465 1114 1562 1144 sunt
1595 1115 1730 1157 preter

238 1162 245 1170 ι
303 1163 309 1169 ’
404 1173 633 1213 necessaria
651 1175 702 1213 ad
722 1174 960 1214 faciendum
978 1189 1086 1227 opus
1112 1174 1420 1227 evangelicum,
1444 1189 1539 1214 nam
1556 1185 1728 1228 possent

404 1243 460 1282 sic
495 1243 688 1283 faciendo
722 1245 919 1284 reducere
954 1245 1171 1284 ecclesiam
1212 1243 1306 1284 cleri
1348 1246 1398 1284 ad
1433 1245 1726 1298 perfecciorem

402 1322 558 1353 statum
606 1329 653 1354 ex
687 1315 821 1364 dictis,
868 1317 939 1355 sed
986 1329 1083 1355 cum
1116 1315 1378 1368 impossibile
1424 1316 1475 1355 sit
1509 1316 1726 1355 hominem

400 1398 525 1435 posse
559 1384 691 1424 facere
715 1386 875 1425 bonum
901 1387 951 1425 de
975 1399 1137 1439 genere,
1172 1385 1249 1425 nisi
1280 1394 1422 1438 posset
1459 1385 1590 1425 facere
1624 1387 1725 1425 illud
1747 1396 1782 1426 15

401 1454 520 1504 bene,
555 1456 743 1508 sequitur
776 1458 890 1509 quod
921 1456 1081 1495 domini
1107 1457 1362 1509 temporales
1387 1466 1560 1509 possent
1596 1457 1726 1496 facere

399 1524 502 1563 illud
527 1525 643 1564 bene.
678 1526 807 1575 Absit,
833 1527 1021 1579 inquam,
1055 1527 1218 1566 credere
1252 1527 1366 1579 quod
1402 1536 1532 1566 status
1566 1526 1604 1565 in
1639 1542 1766 1580 quoa

401 1594 528 1634 Cesar
560 1596 703 1648 posuit
736 1597 894 1635 clerum
933 1610 1016 1635 non
1070 1606 1213 1649 posset
1259 1597 1363 1636 solvi
1410 1597 1519 1636 licite
1554 1607 1726 1650 propter

400 1664 690 1704 habitudinem
726 1667 990 1706 sacerdotum
1028 1666 1181 1706 Christi
1217 1668 1267 1706 ad
1300 1667 1476 1720 globum
1511 1676 1720 1719 tempora-

401 1734 516 1773 lium.
570 1736 621 1774 Εἴ
660 1750 756 1775 cum
798 1745 929 1776 status
962 1737 1003 1775 in
1039 1750 1126 1789 quo
1162 1737 1356 1776 Christus
1390 1737 1533 1789 posuit
1566 1739 1722 1776 clerum
1742 1757 1783 1777 πη

399 1818 524 1844 suum
572 1806 740 1844 dissolvi
794 1816 936 1859 posset
981 1807 1090 1846 licite
1149 1816 1320 1860 propter
1366 1807 1720 1860 inperfeccionem

397 1875 654 1915 habitudinis
699 1877 780 1916 vite
820 1891 967 1916 eorum
1007 1878 1055 1915 ad
1098 1887 1389 1930 paupertatem
1436 1879 1720 1929 evangelicam

397 1955 436 1985 et
460 1946 536 1985 alia
563 1947 782 1986 carismata
816 1947 854 1985 in
882 1948 1036 1999 quibus
1068 1948 1261 1987 Christus
1296 1948 1455 1987 dotavit
1488 1948 1720 1995 ecclesiam,

396 2030 538 2055 nonne
574 2016 678 2056 foret
702 2026 944 2069 suspectum
971 2019 1160 2065 verbum,
1195 2031 1396 2056 accusans
1422 2018 1760 2070 proprietariosb

396 2088 445 2125 de
468 2085 493 2112 ²³³
517 2086 740 2126 affeccione
771 2087 1007 2127 inordinata
1038 2088 1354 2140 temporalibus,
1388 2088 1568 2127 dicendo
1603 2089 1718 2141 quod
1743 2094 1819 2129 155¹¹¹

395 2158 456 2196 lex
482 2157 555 2196 Dei
587 2167 625 2197 et
649 2158 736 2197 eius
761 2158 986 2198 consilium
1012 2168 1108 2197 sunt
1130 2158 1379 2210 temporalia
1401 2158 1478 2197 sub
1502 2158 1717 2209 dispensa-

395 2227 515 2267 cione
564 2228 774 2279 cadencia,
829 2229 898 2266 sed
954 2242 1037 2266 non
1091 2228 1306 2267 ordinacio
1359 2227 1522 2266 Cesaris
1577 2228 1755 2280 quondo

395 2298 678 2337 donacionem
720 2295 1048 2351 temporalium?
1097 2298 1315 2351 Numquid
1361 2298 1569 2336 credimus
1603 2299 1717 2351 quod

394 2369 783 2408 excommunicacio
799 2369 859 2407 vel
880 2367 1494 2420 malediccionisinterpretacio
1512 2368 1604 2420 plus
1622 2368 1717 2419 ligat

395 2438 691 2478 dissolventem
725 2439 1040 2478 ordinacionem
1089 2438 1364 2477 dominorum
1398 2438 1776 2489 temporalium,30

394 2524 520 2562 quam
557 2510 945 2549 excommunicacio
969 2509 1139 2559 Christi,
1161 2509 1363 2549 Johannis
1397 2517 1435 2546 et
1469 2507 1582 2547 Pauli
1618 2508 1716 2560 ligat

393 2579 694 2618 dissolventem
731 2580 883 2619 Christi
929 2571 1199 2619 consilium?
1228 2580 1380 2617 Nonne
1426 2578 1524 2617 dicit
1564 2578 1716 2616 Paulus

394 2650 527 2688 Galat.
564 2651 614 2697 10,
639 2660 683 2700 o:
720 2650 763 2688 Si
785 2651 879 2702 quis
902 2650 1025 2689 aliud
1047 2649 1411 2702 evangelizaverit
1426 2656 1576 2700 preter
1610 2648 1718 2687 illud

392 2721 507 2771 quod
552 2721 893 2772 evangelizatum
938 2727 1014 2770 est,
1062 2721 1292 2758 anathema
1326 2721 1392 2763 sit,
1426 2728 1463 2757 et
1497 2733 1591 2757 cum
1628 2718 1716 2769 ipse

445 2913 487 2936 ιι.
519 2905 585 2930 huo
607 2903 716 2930 verba:
748 2904 825 2929 sicut
858 2908 938 2937 patet
962 2903 1051 2929 (sicut
1087 2908 1167 2937 patet
1206 2912 1241 2929 ex
1275 2903 1375 2936 dictis)
1411 2902 1480 2929 hnic
1511 2904 1578 2928 loco
1605 2903 1713 2928 deesse

393 2952 543 2978 videntur.
682 2951 720 2976 ili.
744 2952 769 2976 Α
793 2951 847 2983 Λ,;
871 2955 1001 2984 possunt
1030 2951 1139 2976 tacere.
1276 2950 1319 2977 32.
1342 2948 1378 2975 ll:
1401 2949 1563 2975 consilium
1587 2948 1711 2975 Christi,
