<?xml version="1.0" encoding="UTF-8"?>
<!DOCTYPE html PUBLIC "-//W3C//DTD XHTML 1.0 Transitional//EN"
    "http://www.w3.org/TR/xhtml1/DTD/xhtml1-transitional.dtd">
<html xmlns="http://www.w3.org/1999/xhtml" xml:lang="en" lang="en">
 <head>
  <title>
</title>
<meta http-equiv="Content-Type" content="text/html;charset=utf-8" />
  <meta name='ocr-system' content='tesseract 3.04.00' />
  <meta name='ocr-capabilities' content='ocr_page ocr_carea ocr_par ocr_line ocrx_word'/>
</head>
<body>
  <div class='ocr_page' id='page_1' title='image "./iohanniswycliftr04wycl_0213.png"; bbox 0 0 2045 3312; ppageno 0'>
   <div class='ocr_carea' id='block_1_1' title="bbox 288 240 1137 299">
    <p class='ocr_par' dir='ltr' id='par_1_1' title="bbox 288 240 1137 299">
     <span class='ocr_line' id='line_1_1' title="bbox 288 240 1137 299; baseline 0.007 -21"><span class='ocrx_word' id='word_1_1' title='bbox 288 240 485 299; x_wconf 56' lang='lat' dir='ltr'>cixavln]</span> <span class='ocrx_word' id='word_1_2' title='bbox 815 253 875 285; x_wconf 84' lang='lat' dir='ltr'>DE</span> <span class='ocrx_word' id='word_1_3' title='bbox 901 252 1137 286; x_wconf 77' lang='lat' dir='ltr'>ECCLESIA.</span> 
     </span>
    </p>
   </div>
   <div class='ocr_carea' id='block_1_2' title="bbox 137 356 1622 2659">
    <p class='ocr_par' dir='ltr' id='par_1_2' title="bbox 137 356 1615 621">
     <span class='ocr_line' id='line_1_2' title="bbox 137 356 1615 412; baseline -0.005 -10"><span class='ocrx_word' id='word_1_4' title='bbox 137 369 273 412; x_wconf 73' lang='lat' dir='ltr'>Q152⁴¹</span> <span class='ocrx_word' id='word_1_5' title='bbox 289 360 369 400; x_wconf 88' lang='lat' dir='ltr'>sito</span> <span class='ocrx_word' id='word_1_6' title='bbox 408 359 488 399; x_wconf 89' lang='lat' dir='ltr'>loci</span> <span class='ocrx_word' id='word_1_7' title='bbox 542 358 617 397; x_wconf 84' lang='lat' dir='ltr'>sibi</span> <span class='ocrx_word' id='word_1_8' title='bbox 657 357 890 410; x_wconf 87' lang='lat' dir='ltr'>opponitur</span> <span class='ocrx_word' id='word_1_9' title='bbox 934 357 1043 396; x_wconf 91' lang='lat' dir='ltr'>dicat</span> <span class='ocrx_word' id='word_1_10' title='bbox 1087 370 1247 397; x_wconf 85' lang='lat' dir='ltr'>verum.</span> <span class='ocrx_word' id='word_1_11' title='bbox 1302 356 1434 396; x_wconf 86' lang='lat' dir='ltr'>Casus</span> <span class='ocrx_word' id='word_1_12' title='bbox 1473 366 1615 396; x_wconf 84' lang='lat' dir='ltr'>autem</span> 
     </span>
     <span class='ocr_line' id='line_1_3' title="bbox 288 427 1615 482; baseline -0.002 -14"><span class='ocrx_word' id='word_1_13' title='bbox 288 430 454 470; x_wconf 88' lang='lat' dir='ltr'>videtur</span> <span class='ocrx_word' id='word_1_14' title='bbox 486 428 696 482; x_wconf 90' lang='lat' dir='ltr'>possibilis</span> <span class='ocrx_word' id='word_1_15' title='bbox 738 436 777 467; x_wconf 90' lang='lat' dir='ltr'>et</span> <span class='ocrx_word' id='word_1_16' title='bbox 809 427 1027 478; x_wconf 88' lang='lat' dir='ltr'>honestus,</span> <span class='ocrx_word' id='word_1_17' title='bbox 1079 441 1177 467; x_wconf 91' lang='lat' dir='ltr'>cum</span> <span class='ocrx_word' id='word_1_18' title='bbox 1210 440 1287 480; x_wconf 85' lang='lat' dir='ltr'>pro</span> <span class='ocrx_word' id='word_1_19' title='bbox 1321 427 1542 466; x_wconf 87' lang='lat' dir='ltr'>mendacio</span> <span class='ocrx_word' id='word_1_20' title='bbox 1577 436 1615 466; x_wconf 89' lang='lat' dir='ltr'>et</span> 
     </span>
     <span class='ocr_line' id='line_1_4' title="bbox 289 497 1613 553; baseline -0.002 -14"><span class='ocrx_word' id='word_1_21' title='bbox 289 513 366 552; x_wconf 89' lang='lat' dir='ltr'>pro</span> <span class='ocrx_word' id='word_1_22' title='bbox 389 512 646 553; x_wconf 87' lang='lat' dir='ltr'>quocunque</span> <span class='ocrx_word' id='word_1_23' title='bbox 670 498 820 537; x_wconf 89' lang='lat' dir='ltr'>scelere</span> <span class='ocrx_word' id='word_1_24' title='bbox 843 506 986 551; x_wconf 91' lang='lat' dir='ltr'>posset</span> <span class='ocrx_word' id='word_1_25' title='bbox 1008 497 1068 537; x_wconf 86' lang='lat' dir='ltr'>uti</span> <span class='ocrx_word' id='word_1_26' title='bbox 1093 497 1311 551; x_wconf 83' lang='lat' dir='ltr'>privilegio</span> <span class='ocrx_word' id='word_1_27' title='bbox 1345 497 1395 536; x_wconf 84' lang='lat' dir='ltr'>ad</span> <span class='ocrx_word' id='word_1_28' title='bbox 1429 497 1508 537; x_wconf 90' lang='lat' dir='ltr'>hoc</span> <span class='ocrx_word' id='word_1_29' title='bbox 1539 498 1613 537; x_wconf 86' lang='lat' dir='ltr'>sibi</span> 
     </span>
     <span class='ocr_line' id='line_1_5' title="bbox 289 567 1614 621; baseline -0.002 -12"><span class='ocrx_word' id='word_1_30' title='bbox 289 571 461 621; x_wconf 86' lang='lat' dir='ltr'>donato,</span> <span class='ocrx_word' id='word_1_31' title='bbox 494 577 541 609; x_wconf 89' lang='lat' dir='ltr'>ut</span> <span class='ocrx_word' id='word_1_32' title='bbox 574 569 743 619; x_wconf 80' lang='lat' dir='ltr'>dicitur3</span> <span class='ocrx_word' id='word_1_33' title='bbox 777 582 875 621; x_wconf 86' lang='lat' dir='ltr'>ergo</span> <span class='ocrx_word' id='word_1_34' title='bbox 909 569 1046 608; x_wconf 90' lang='lat' dir='ltr'>multo</span> <span class='ocrx_word' id='word_1_35' title='bbox 1080 567 1213 621; x_wconf 81' lang='lat' dir='ltr'>magis</span> <span class='ocrx_word' id='word_1_36' title='bbox 1243 582 1320 621; x_wconf 91' lang='lat' dir='ltr'>pro</span> <span class='ocrx_word' id='word_1_37' title='bbox 1351 567 1614 608; x_wconf 85' lang='lat' dir='ltr'>confessione</span> 
     </span>
    </p>

    <p class='ocr_par' dir='ltr' id='par_1_3' title="bbox 198 637 1622 2659">
     <span class='ocr_line' id='line_1_6' title="bbox 256 637 1615 691; baseline -0.002 -12"><span class='ocrx_word' id='word_1_38' title='bbox 256 639 438 685; x_wconf 85' lang='lat' dir='ltr'>5humili</span> <span class='ocrx_word' id='word_1_39' title='bbox 472 639 666 679; x_wconf 81' lang='lat' dir='ltr'>veritatis.</span> <span class='ocrx_word' id='word_1_40' title='bbox 718 640 839 678; x_wconf 89' lang='lat' dir='ltr'>Pono</span> <span class='ocrx_word' id='word_1_41' title='bbox 874 638 1044 691; x_wconf 90' lang='lat' dir='ltr'>insuper</span> <span class='ocrx_word' id='word_1_42' title='bbox 1076 639 1191 691; x_wconf 86' lang='lat' dir='ltr'>quod</span> <span class='ocrx_word' id='word_1_43' title='bbox 1222 639 1367 678; x_wconf 87' lang='lat' dir='ltr'>Petrus</span> <span class='ocrx_word' id='word_1_44' title='bbox 1401 637 1615 678; x_wconf 87' lang='lat' dir='ltr'>maleficus</span> 
     </span>
     <span class='ocr_line' id='line_1_7' title="bbox 289 708 1616 761; baseline -0.003 -12"><span class='ocrx_word' id='word_1_45' title='bbox 289 711 446 750; x_wconf 89' lang='lat' dir='ltr'>intrans</span> <span class='ocrx_word' id='word_1_46' title='bbox 497 708 931 749; x_wconf 84' lang='lat' dir='ltr'>Westmonasterium</span> <span class='ocrx_word' id='word_1_47' title='bbox 977 722 1054 761; x_wconf 92' lang='lat' dir='ltr'>pro</span> <span class='ocrx_word' id='word_1_48' title='bbox 1099 708 1369 748; x_wconf 86' lang='lat' dir='ltr'>immunitate</span> <span class='ocrx_word' id='word_1_49' title='bbox 1425 708 1616 747; x_wconf 87' lang='lat' dir='ltr'>habenda</span> 
     </span>
     <span class='ocr_line' id='line_1_8' title="bbox 289 778 1615 833; baseline -0.002 -14"><span class='ocrx_word' id='word_1_50' title='bbox 289 781 340 820; x_wconf 89' lang='lat' dir='ltr'>sit</span> <span class='ocrx_word' id='word_1_51' title='bbox 377 780 515 833; x_wconf 88' lang='lat' dir='ltr'>primo</span> <span class='ocrx_word' id='word_1_52' title='bbox 552 779 831 833; x_wconf 80' lang='lat' dir='ltr'>interrogatus</span> <span class='ocrx_word' id='word_1_53' title='bbox 870 793 892 818; x_wconf 87' lang='lat' dir='ltr'>a</span> <span class='ocrx_word' id='word_1_54' title='bbox 926 778 1142 832; x_wconf 84' lang='lat' dir='ltr'>preposito</span> <span class='ocrx_word' id='word_1_55' title='bbox 1183 778 1550 818; x_wconf 84' lang='lat' dir='ltr'>Westmonasterii</span> <span class='ocrx_word' id='word_1_56' title='bbox 1585 778 1615 816; x_wconf 89' lang='lat' dir='ltr'>si</span> 
     </span>
     <span class='ocr_line' id='line_1_9' title="bbox 289 849 1616 902; baseline -0.002 -13"><span class='ocrx_word' id='word_1_57' title='bbox 289 850 456 890; x_wconf 80' lang='lat' dir='ltr'>habebit</span> <span class='ocrx_word' id='word_1_58' title='bbox 488 850 802 890; x_wconf 84' lang='lat' dir='ltr'>immunitatem</span> <span class='ocrx_word' id='word_1_59' title='bbox 842 849 883 888; x_wconf 90' lang='lat' dir='ltr'>in</span> <span class='ocrx_word' id='word_1_60' title='bbox 931 849 1040 888; x_wconf 88' lang='lat' dir='ltr'>dicta</span> <span class='ocrx_word' id='word_1_61' title='bbox 1074 849 1244 889; x_wconf 90' lang='lat' dir='ltr'>ecclesia</span> <span class='ocrx_word' id='word_1_62' title='bbox 1279 858 1318 888; x_wconf 88' lang='lat' dir='ltr'>et</span> <span class='ocrx_word' id='word_1_63' title='bbox 1354 862 1471 901; x_wconf 90' lang='lat' dir='ltr'>pono</span> <span class='ocrx_word' id='word_1_64' title='bbox 1501 849 1616 902; x_wconf 83' lang='lat' dir='ltr'>quod</span> 
     </span>
     <span class='ocr_line' id='line_1_10' title="bbox 198 918 1617 973; baseline -0.003 -12"><span class='ocrx_word' id='word_1_65' title='bbox 198 932 274 965; x_wconf 63' lang='lat' dir='ltr'>153st</span> <span class='ocrx_word' id='word_1_66' title='bbox 289 923 434 961; x_wconf 82' lang='lat' dir='ltr'>Petrus</span> <span class='ocrx_word' id='word_1_67' title='bbox 458 920 650 960; x_wconf 90' lang='lat' dir='ltr'>conscius</span> <span class='ocrx_word' id='word_1_68' title='bbox 684 919 760 959; x_wconf 90' lang='lat' dir='ltr'>sibi</span> <span class='ocrx_word' id='word_1_69' title='bbox 785 933 833 958; x_wconf 83' lang='lat' dir='ltr'>ex</span> <span class='ocrx_word' id='word_1_70' title='bbox 865 919 1068 973; x_wconf 80' lang='lat' dir='ltr'>dignitate</span> <span class='ocrx_word' id='word_1_71' title='bbox 1092 927 1302 959; x_wconf 86' lang='lat' dir='ltr'>contracta</span> <span class='ocrx_word' id='word_1_72' title='bbox 1325 918 1350 946; x_wconf 67' lang='lat'>²³³</span> <span class='ocrx_word' id='word_1_73' title='bbox 1373 920 1423 958; x_wconf 89' lang='lat' dir='ltr'>de</span> <span class='ocrx_word' id='word_1_74' title='bbox 1446 919 1617 958; x_wconf 84' lang='lat' dir='ltr'>crimine</span> 
     </span>
     <span class='ocr_line' id='line_1_11' title="bbox 236 989 1617 1044; baseline -0.002 -14"><span class='ocrx_word' id='word_1_75' title='bbox 236 1015 274 1035; x_wconf 77' lang='lat'>10</span> <span class='ocrx_word' id='word_1_76' title='bbox 292 991 399 1030; x_wconf 88' lang='lat' dir='ltr'>dicat</span> <span class='ocrx_word' id='word_1_77' title='bbox 414 991 681 1044; x_wconf 83' lang='lat' dir='ltr'>desperando</span> <span class='ocrx_word' id='word_1_78' title='bbox 705 991 756 1029; x_wconf 89' lang='lat' dir='ltr'>de</span> <span class='ocrx_word' id='word_1_79' title='bbox 777 990 898 1028; x_wconf 88' lang='lat' dir='ltr'>venia</span> <span class='ocrx_word' id='word_1_80' title='bbox 914 989 980 1028; x_wconf 81' lang='lat' dir='ltr'>vel</span> <span class='ocrx_word' id='word_1_81' title='bbox 995 1003 1090 1029; x_wconf 86' lang='lat' dir='ltr'>vere</span> <span class='ocrx_word' id='word_1_82' title='bbox 1113 990 1349 1043; x_wconf 85' lang='lat' dir='ltr'>reputando</span> <span class='ocrx_word' id='word_1_83' title='bbox 1375 1003 1416 1028; x_wconf 90' lang='lat' dir='ltr'>se</span> <span class='ocrx_word' id='word_1_84' title='bbox 1440 989 1617 1043; x_wconf 80' lang='lat' dir='ltr'>dignum</span> 
     </span>
     <span class='ocr_line' id='line_1_12' title="bbox 289 1059 1616 1114; baseline -0.002 -14"><span class='ocrx_word' id='word_1_85' title='bbox 289 1070 427 1101; x_wconf 87' lang='lat' dir='ltr'>morte</span> <span class='ocrx_word' id='word_1_86' title='bbox 460 1060 699 1114; x_wconf 84' lang='lat' dir='ltr'>temporali,</span> <span class='ocrx_word' id='word_1_87' title='bbox 742 1060 860 1114; x_wconf 88' lang='lat' dir='ltr'>quod</span> <span class='ocrx_word' id='word_1_88' title='bbox 893 1073 978 1099; x_wconf 90' lang='lat' dir='ltr'>non</span> <span class='ocrx_word' id='word_1_89' title='bbox 1013 1060 1183 1100; x_wconf 79' lang='lat' dir='ltr'>habebit</span> <span class='ocrx_word' id='word_1_90' title='bbox 1215 1059 1527 1099; x_wconf 85' lang='lat' dir='ltr'>immunitatem</span> <span class='ocrx_word' id='word_1_91' title='bbox 1576 1059 1616 1098; x_wconf 94' lang='lat' dir='ltr'>in</span> 
     </span>
     <span class='ocr_line' id='line_1_13' title="bbox 289 1129 1615 1183; baseline -0.002 -12"><span class='ocrx_word' id='word_1_92' title='bbox 289 1132 397 1172; x_wconf 85' lang='lat' dir='ltr'>dicta</span> <span class='ocrx_word' id='word_1_93' title='bbox 441 1131 631 1183; x_wconf 87' lang='lat' dir='ltr'>ecclesia;</span> <span class='ocrx_word' id='word_1_94' title='bbox 676 1139 776 1170; x_wconf 85' lang='lat' dir='ltr'>tunc</span> <span class='ocrx_word' id='word_1_95' title='bbox 820 1129 900 1170; x_wconf 88' lang='lat' dir='ltr'>isto</span> <span class='ocrx_word' id='word_1_96' title='bbox 944 1143 1041 1170; x_wconf 89' lang='lat' dir='ltr'>casu</span> <span class='ocrx_word' id='word_1_97' title='bbox 1089 1130 1270 1170; x_wconf 88' lang='lat' dir='ltr'>deducto</span> <span class='ocrx_word' id='word_1_98' title='bbox 1303 1131 1355 1169; x_wconf 88' lang='lat' dir='ltr'>ad</span> <span class='ocrx_word' id='word_1_99' title='bbox 1399 1129 1615 1183; x_wconf 80' lang='lat' dir='ltr'>placitum,</span> 
     </span>
     <span class='ocr_line' id='line_1_14' title="bbox 289 1199 1617 1255; baseline -0.002 -14"><span class='ocrx_word' id='word_1_100' title='bbox 289 1210 403 1255; x_wconf 86' lang='lat' dir='ltr'>patet</span> <span class='ocrx_word' id='word_1_101' title='bbox 446 1202 562 1255; x_wconf 86' lang='lat' dir='ltr'>quod</span> <span class='ocrx_word' id='word_1_102' title='bbox 607 1215 653 1240; x_wconf 87' lang='lat' dir='ltr'>ex</span> <span class='ocrx_word' id='word_1_103' title='bbox 700 1214 796 1240; x_wconf 86' lang='lat' dir='ltr'>casu</span> <span class='ocrx_word' id='word_1_104' title='bbox 830 1209 870 1240; x_wconf 88' lang='lat' dir='ltr'>et</span> <span class='ocrx_word' id='word_1_105' title='bbox 901 1200 990 1239; x_wconf 85' lang='lat' dir='ltr'>aliis</span> <span class='ocrx_word' id='word_1_106' title='bbox 1024 1199 1355 1239; x_wconf 88' lang='lat' dir='ltr'>circumstanciis</span> <span class='ocrx_word' id='word_1_107' title='bbox 1388 1199 1534 1252; x_wconf 87' lang='lat' dir='ltr'>positis</span> <span class='ocrx_word' id='word_1_108' title='bbox 1578 1208 1617 1239; x_wconf 87' lang='lat' dir='ltr'>et</span> 
     </span>
     <span class='ocr_line' id='line_1_15' title="bbox 290 1270 1617 1325; baseline -0.001 -14"><span class='ocrx_word' id='word_1_109' title='bbox 290 1272 498 1325; x_wconf 89' lang='lat' dir='ltr'>ponendis</span> <span class='ocrx_word' id='word_1_110' title='bbox 551 1280 729 1325; x_wconf 84' lang='lat' dir='ltr'>utraque</span> <span class='ocrx_word' id='word_1_111' title='bbox 780 1285 873 1324; x_wconf 87' lang='lat' dir='ltr'>pars</span> <span class='ocrx_word' id='word_1_112' title='bbox 925 1270 1274 1310; x_wconf 89' lang='lat' dir='ltr'>contradiccionis</span> <span class='ocrx_word' id='word_1_113' title='bbox 1318 1270 1518 1323; x_wconf 87' lang='lat' dir='ltr'>sequitur,</span> <span class='ocrx_word' id='word_1_114' title='bbox 1571 1280 1617 1310; x_wconf 89' lang='lat' dir='ltr'>ut</span> 
     </span>
     <span class='ocr_line' id='line_1_16' title="bbox 239 1340 1617 1394; baseline -0.001 -14"><span class='ocrx_word' id='word_1_115' title='bbox 239 1351 501 1385; x_wconf 79' lang='lat' dir='ltr'>15noverunt</span> <span class='ocrx_word' id='word_1_116' title='bbox 532 1342 720 1394; x_wconf 84' lang='lat' dir='ltr'>sophiste</span> <span class='ocrx_word' id='word_1_117' title='bbox 752 1342 794 1380; x_wconf 90' lang='lat' dir='ltr'>in</span> <span class='ocrx_word' id='word_1_118' title='bbox 835 1340 1007 1381; x_wconf 88' lang='lat' dir='ltr'>materia</span> <span class='ocrx_word' id='word_1_119' title='bbox 1039 1340 1345 1382; x_wconf 83' lang='lat' dir='ltr'>insolubilium.</span> <span class='ocrx_word' id='word_1_120' title='bbox 1393 1341 1445 1380; x_wconf 83' lang='lat' dir='ltr'>Et</span> <span class='ocrx_word' id='word_1_121' title='bbox 1477 1354 1617 1380; x_wconf 83' lang='lat' dir='ltr'>revera</span> 
     </span>
     <span class='ocr_line' id='line_1_17' title="bbox 291 1410 1616 1465; baseline -0.002 -14"><span class='ocrx_word' id='word_1_122' title='bbox 291 1412 467 1465; x_wconf 79' lang='lat' dir='ltr'>quilibet</span> <span class='ocrx_word' id='word_1_123' title='bbox 498 1412 658 1452; x_wconf 87' lang='lat' dir='ltr'>intrans</span> <span class='ocrx_word' id='word_1_124' title='bbox 691 1412 837 1451; x_wconf 85' lang='lat' dir='ltr'>limina</span> <span class='ocrx_word' id='word_1_125' title='bbox 866 1411 1049 1462; x_wconf 82' lang='lat' dir='ltr'>ecclesie,</span> <span class='ocrx_word' id='word_1_126' title='bbox 1073 1420 1119 1451; x_wconf 88' lang='lat' dir='ltr'>ut</span> <span class='ocrx_word' id='word_1_127' title='bbox 1152 1411 1341 1451; x_wconf 87' lang='lat' dir='ltr'>foveatur</span> <span class='ocrx_word' id='word_1_128' title='bbox 1362 1410 1403 1449; x_wconf 89' lang='lat' dir='ltr'>in</span> <span class='ocrx_word' id='word_1_129' title='bbox 1429 1410 1616 1461; x_wconf 81' lang='lat' dir='ltr'>crimine,</span> 
     </span>
     <span class='ocr_line' id='line_1_18' title="bbox 289 1481 1615 1535; baseline -0.002 -14"><span class='ocrx_word' id='word_1_130' title='bbox 289 1482 434 1522; x_wconf 83' lang='lat' dir='ltr'>incidit</span> <span class='ocrx_word' id='word_1_131' title='bbox 478 1482 728 1535; x_wconf 83' lang='lat' dir='ltr'>culpabilius</span> <span class='ocrx_word' id='word_1_132' title='bbox 788 1482 830 1521; x_wconf 91' lang='lat' dir='ltr'>in</span> <span class='ocrx_word' id='word_1_133' title='bbox 883 1481 1055 1522; x_wconf 84' lang='lat' dir='ltr'>materia</span> <span class='ocrx_word' id='word_1_134' title='bbox 1108 1481 1321 1522; x_wconf 88' lang='lat' dir='ltr'>insolubili</span> <span class='ocrx_word' id='word_1_135' title='bbox 1374 1481 1615 1521; x_wconf 88' lang='lat' dir='ltr'>cuiusmodi</span> 
     </span>
     <span class='ocr_line' id='line_1_19' title="bbox 290 1551 1617 1606; baseline -0.002 -14"><span class='ocrx_word' id='word_1_136' title='bbox 290 1561 351 1592; x_wconf 90' lang='lat' dir='ltr'>est</span> <span class='ocrx_word' id='word_1_137' title='bbox 394 1561 628 1606; x_wconf 83' lang='lat' dir='ltr'>peccatum,</span> <span class='ocrx_word' id='word_1_138' title='bbox 675 1566 805 1606; x_wconf 87' lang='lat' dir='ltr'>quam</span> <span class='ocrx_word' id='word_1_139' title='bbox 837 1552 1025 1606; x_wconf 88' lang='lat' dir='ltr'>sequitur</span> <span class='ocrx_word' id='word_1_140' title='bbox 1056 1553 1225 1592; x_wconf 85' lang='lat' dir='ltr'>Petrum</span> <span class='ocrx_word' id='word_1_141' title='bbox 1261 1551 1455 1591; x_wconf 87' lang='lat' dir='ltr'>incidere.</span> <span class='ocrx_word' id='word_1_142' title='bbox 1497 1552 1617 1591; x_wconf 83' lang='lat' dir='ltr'>Unde</span> 
     </span>
     <span class='ocr_line' id='line_1_20' title="bbox 292 1622 1616 1676; baseline -0.001 -15"><span class='ocrx_word' id='word_1_143' title='bbox 292 1636 369 1676; x_wconf 83' lang='lat' dir='ltr'>ego</span> <span class='ocrx_word' id='word_1_144' title='bbox 402 1622 544 1662; x_wconf 87' lang='lat' dir='ltr'>nescio</span> <span class='ocrx_word' id='word_1_145' title='bbox 577 1623 694 1663; x_wconf 88' lang='lat' dir='ltr'>aliter</span> <span class='ocrx_word' id='word_1_146' title='bbox 727 1623 887 1662; x_wconf 81' lang='lat' dir='ltr'>solvere</span> <span class='ocrx_word' id='word_1_147' title='bbox 919 1636 995 1662; x_wconf 88' lang='lat' dir='ltr'>nec</span> <span class='ocrx_word' id='word_1_148' title='bbox 1028 1623 1151 1662; x_wconf 91' lang='lat' dir='ltr'>credo</span> <span class='ocrx_word' id='word_1_149' title='bbox 1185 1622 1316 1662; x_wconf 87' lang='lat' dir='ltr'>alium</span> <span class='ocrx_word' id='word_1_150' title='bbox 1354 1635 1616 1676; x_wconf 77' lang='lat' dir='ltr'>quemquam</span> 
     </span>
     <span class='ocr_line' id='line_1_21' title="bbox 235 1692 1618 1747; baseline 0 -15"><span class='ocrx_word' id='word_1_151' title='bbox 235 1715 275 1737; x_wconf 86' lang='lat'>20</span> <span class='ocrx_word' id='word_1_152' title='bbox 292 1692 407 1743; x_wconf 87' lang='lat' dir='ltr'>scire,</span> <span class='ocrx_word' id='word_1_153' title='bbox 447 1692 523 1732; x_wconf 90' lang='lat' dir='ltr'>nisi</span> <span class='ocrx_word' id='word_1_154' title='bbox 557 1694 674 1747; x_wconf 88' lang='lat' dir='ltr'>quod</span> <span class='ocrx_word' id='word_1_155' title='bbox 707 1693 868 1733; x_wconf 87' lang='lat' dir='ltr'>dictum</span> <span class='ocrx_word' id='word_1_156' title='bbox 900 1701 1102 1732; x_wconf 86' lang='lat' dir='ltr'>vocatum</span> <span class='ocrx_word' id='word_1_157' title='bbox 1135 1692 1405 1746; x_wconf 82' lang='lat' dir='ltr'>privilegium</span> <span class='ocrx_word' id='word_1_158' title='bbox 1437 1706 1524 1731; x_wconf 92' lang='lat' dir='ltr'>non</span> <span class='ocrx_word' id='word_1_159' title='bbox 1559 1702 1618 1732; x_wconf 89' lang='lat' dir='ltr'>est</span> 
     </span>
     <span class='ocr_line' id='line_1_22' title="bbox 291 1762 1619 1817; baseline -0.001 -15"><span class='ocrx_word' id='word_1_160' title='bbox 291 1762 572 1816; x_wconf 80' lang='lat' dir='ltr'>privilegium,</span> <span class='ocrx_word' id='word_1_161' title='bbox 617 1763 715 1817; x_wconf 84' lang='lat' dir='ltr'>quia</span> <span class='ocrx_word' id='word_1_162' title='bbox 746 1777 834 1802; x_wconf 89' lang='lat' dir='ltr'>non</span> <span class='ocrx_word' id='word_1_163' title='bbox 879 1772 940 1803; x_wconf 90' lang='lat' dir='ltr'>est</span> <span class='ocrx_word' id='word_1_164' title='bbox 984 1762 1198 1802; x_wconf 90' lang='lat' dir='ltr'>fundabile</span> <span class='ocrx_word' id='word_1_165' title='bbox 1236 1762 1278 1801; x_wconf 88' lang='lat' dir='ltr'>in</span> <span class='ocrx_word' id='word_1_166' title='bbox 1312 1762 1535 1816; x_wconf 73' lang='lat' dir='ltr'>scriptura3</span> <span class='ocrx_word' id='word_1_167' title='bbox 1580 1771 1619 1802; x_wconf 90' lang='lat' dir='ltr'>et</span> 
     </span>
     <span class='ocr_line' id='line_1_23' title="bbox 292 1832 1618 1887; baseline -0.001 -15"><span class='ocrx_word' id='word_1_168' title='bbox 292 1833 347 1873; x_wconf 87' lang='lat' dir='ltr'>ita</span> <span class='ocrx_word' id='word_1_169' title='bbox 389 1834 636 1887; x_wconf 83' lang='lat' dir='ltr'>generaliter</span> <span class='ocrx_word' id='word_1_170' title='bbox 679 1834 819 1873; x_wconf 87' lang='lat' dir='ltr'>omnis</span> <span class='ocrx_word' id='word_1_171' title='bbox 868 1833 934 1872; x_wconf 84' lang='lat' dir='ltr'>lex</span> <span class='ocrx_word' id='word_1_172' title='bbox 978 1833 1141 1886; x_wconf 81' lang='lat' dir='ltr'>privata</span> <span class='ocrx_word' id='word_1_173' title='bbox 1186 1846 1271 1872; x_wconf 89' lang='lat' dir='ltr'>non</span> <span class='ocrx_word' id='word_1_174' title='bbox 1319 1832 1544 1871; x_wconf 89' lang='lat' dir='ltr'>fundabilis</span> <span class='ocrx_word' id='word_1_175' title='bbox 1577 1833 1618 1871; x_wconf 88' lang='lat' dir='ltr'>in</span> 
     </span>
     <span class='ocr_line' id='line_1_24' title="bbox 293 1902 1618 1957; baseline -0.002 -14"><span class='ocrx_word' id='word_1_176' title='bbox 293 1904 497 1957; x_wconf 90' lang='lat' dir='ltr'>scriptura</span> <span class='ocrx_word' id='word_1_177' title='bbox 532 1917 619 1943; x_wconf 90' lang='lat' dir='ltr'>non</span> <span class='ocrx_word' id='word_1_178' title='bbox 653 1912 714 1943; x_wconf 88' lang='lat' dir='ltr'>est</span> <span class='ocrx_word' id='word_1_179' title='bbox 748 1903 1030 1956; x_wconf 84' lang='lat' dir='ltr'>privilegium,</span> <span class='ocrx_word' id='word_1_180' title='bbox 1064 1902 1161 1956; x_wconf 87' lang='lat' dir='ltr'>quia</span> <span class='ocrx_word' id='word_1_181' title='bbox 1193 1916 1279 1942; x_wconf 92' lang='lat' dir='ltr'>non</span> <span class='ocrx_word' id='word_1_182' title='bbox 1313 1902 1422 1942; x_wconf 84' lang='lat' dir='ltr'>cedit</span> <span class='ocrx_word' id='word_1_183' title='bbox 1452 1903 1503 1941; x_wconf 90' lang='lat' dir='ltr'>ad</span> <span class='ocrx_word' id='word_1_184' title='bbox 1536 1902 1618 1941; x_wconf 86' lang='lat' dir='ltr'>uti-</span> 
     </span>
     <span class='ocr_line' id='line_1_25' title="bbox 292 1971 1620 2028; baseline -0.002 -15"><span class='ocrx_word' id='word_1_185' title='bbox 292 1974 452 2013; x_wconf 79' lang='lat' dir='ltr'>litatem</span> <span class='ocrx_word' id='word_1_186' title='bbox 491 1974 674 2024; x_wconf 84' lang='lat' dir='ltr'>ecclesie,</span> <span class='ocrx_word' id='word_1_187' title='bbox 716 1987 813 2012; x_wconf 87' lang='lat' dir='ltr'>cum</span> <span class='ocrx_word' id='word_1_188' title='bbox 854 1972 918 2028; x_wconf 77' lang='lat' dir='ltr'>(ut</span> <span class='ocrx_word' id='word_1_189' title='bbox 957 1973 1056 2012; x_wconf 90' lang='lat' dir='ltr'>dicit</span> <span class='ocrx_word' id='word_1_190' title='bbox 1087 1971 1371 2027; x_wconf 80' lang='lat' dir='ltr'>Augustinus)</span> <span class='ocrx_word' id='word_1_191' title='bbox 1417 1972 1620 2025; x_wconf 78' lang='lat' dir='ltr'>quicquid</span> 
     </span>
     <span class='ocr_line' id='line_1_26' title="bbox 238 2042 1621 2087; baseline -0.001 -4"><span class='ocrx_word' id='word_1_192' title='bbox 238 2045 396 2087; x_wconf 81' lang='lat' dir='ltr'>25utile</span> <span class='ocrx_word' id='word_1_193' title='bbox 428 2050 490 2084; x_wconf 71' lang='lat' dir='ltr'>est</span> <span class='ocrx_word' id='word_1_194' title='bbox 527 2045 586 2084; x_wconf 82' lang='lat' dir='ltr'>ihi</span> <span class='ocrx_word' id='word_1_195' title='bbox 623 2044 853 2084; x_wconf 75' lang='lat' dir='ltr'>invenitur.</span> <span class='ocrx_word' id='word_1_196' title='bbox 900 2044 952 2082; x_wconf 89' lang='lat' dir='ltr'>Et</span> <span class='ocrx_word' id='word_1_197' title='bbox 985 2043 1016 2081; x_wconf 90' lang='lat' dir='ltr'>si</span> <span class='ocrx_word' id='word_1_198' title='bbox 1050 2042 1206 2082; x_wconf 87' lang='lat' dir='ltr'>claudit</span> <span class='ocrx_word' id='word_1_199' title='bbox 1238 2042 1621 2082; x_wconf 88' lang='lat' dir='ltr'>contradiccionem</span> 
     </span>
     <span class='ocr_line' id='line_1_27' title="bbox 294 2112 1620 2167; baseline -0.001 -14"><span class='ocrx_word' id='word_1_200' title='bbox 294 2114 410 2167; x_wconf 88' lang='lat' dir='ltr'>quod</span> <span class='ocrx_word' id='word_1_201' title='bbox 456 2114 534 2153; x_wconf 88' lang='lat' dir='ltr'>hoc</span> <span class='ocrx_word' id='word_1_202' title='bbox 579 2113 630 2153; x_wconf 90' lang='lat' dir='ltr'>sit</span> <span class='ocrx_word' id='word_1_203' title='bbox 661 2113 943 2167; x_wconf 82' lang='lat' dir='ltr'>privilegium,</span> <span class='ocrx_word' id='word_1_204' title='bbox 984 2113 1121 2152; x_wconf 89' lang='lat' dir='ltr'>multo</span> <span class='ocrx_word' id='word_1_205' title='bbox 1155 2112 1288 2165; x_wconf 85' lang='lat' dir='ltr'>magis</span> <span class='ocrx_word' id='word_1_206' title='bbox 1329 2112 1468 2152; x_wconf 86' lang='lat' dir='ltr'>omnis</span> <span class='ocrx_word' id='word_1_207' title='bbox 1501 2127 1620 2152; x_wconf 89' lang='lat' dir='ltr'>casus</span> 
     </span>
     <span class='ocr_line' id='line_1_28' title="bbox 293 2183 1621 2237; baseline 0.001 -16"><span class='ocrx_word' id='word_1_208' title='bbox 293 2183 335 2222; x_wconf 90' lang='lat' dir='ltr'>in</span> <span class='ocrx_word' id='word_1_209' title='bbox 380 2197 465 2237; x_wconf 89' lang='lat' dir='ltr'>quo</span> <span class='ocrx_word' id='word_1_210' title='bbox 510 2183 684 2237; x_wconf 87' lang='lat' dir='ltr'>ponitur</span> <span class='ocrx_word' id='word_1_211' title='bbox 728 2183 813 2223; x_wconf 88' lang='lat' dir='ltr'>dari</span> <span class='ocrx_word' id='word_1_212' title='bbox 853 2183 1121 2236; x_wconf 82' lang='lat' dir='ltr'>privilegium</span> <span class='ocrx_word' id='word_1_213' title='bbox 1153 2183 1264 2234; x_wconf 86' lang='lat' dir='ltr'>loco,</span> <span class='ocrx_word' id='word_1_214' title='bbox 1298 2191 1344 2222; x_wconf 89' lang='lat' dir='ltr'>ut</span> <span class='ocrx_word' id='word_1_215' title='bbox 1376 2183 1621 2237; x_wconf 87' lang='lat' dir='ltr'>quicunque</span> 
     </span>
     <span class='ocr_line' id='line_1_29' title="bbox 295 2253 1620 2307; baseline -0.001 -15"><span class='ocrx_word' id='word_1_216' title='bbox 295 2253 509 2293; x_wconf 77' lang='lat' dir='ltr'>intraverit</span> <span class='ocrx_word' id='word_1_217' title='bbox 554 2268 651 2293; x_wconf 89' lang='lat' dir='ltr'>cum</span> <span class='ocrx_word' id='word_1_218' title='bbox 697 2267 955 2307; x_wconf 87' lang='lat' dir='ltr'>quocunque</span> <span class='ocrx_word' id='word_1_219' title='bbox 988 2253 1174 2305; x_wconf 80' lang='lat' dir='ltr'>crimine,</span> <span class='ocrx_word' id='word_1_220' title='bbox 1207 2254 1387 2307; x_wconf 77' lang='lat' dir='ltr'>gaudeat</span> <span class='ocrx_word' id='word_1_221' title='bbox 1418 2253 1620 2292; x_wconf 87' lang='lat' dir='ltr'>immuni-</span> 
     </span>
     <span class='ocr_line' id='line_1_30' title="bbox 294 2322 1622 2376; baseline -0.001 -14"><span class='ocrx_word' id='word_1_222' title='bbox 294 2332 377 2364; x_wconf 82' lang='lat' dir='ltr'>tate</span> <span class='ocrx_word' id='word_1_223' title='bbox 420 2325 513 2364; x_wconf 88' lang='lat' dir='ltr'>date</span> <span class='ocrx_word' id='word_1_224' title='bbox 559 2324 748 2375; x_wconf 81' lang='lat' dir='ltr'>ecclesie3</span> <span class='ocrx_word' id='word_1_225' title='bbox 793 2324 897 2363; x_wconf 91' lang='lat' dir='ltr'>illud</span> <span class='ocrx_word' id='word_1_226' title='bbox 946 2324 1059 2363; x_wconf 85' lang='lat' dir='ltr'>enim</span> <span class='ocrx_word' id='word_1_227' title='bbox 1104 2333 1164 2363; x_wconf 85' lang='lat' dir='ltr'>est</span> <span class='ocrx_word' id='word_1_228' title='bbox 1214 2322 1475 2376; x_wconf 86' lang='lat' dir='ltr'>impossibile</span> <span class='ocrx_word' id='word_1_229' title='bbox 1529 2323 1622 2376; x_wconf 90' lang='lat' dir='ltr'>plus</span> 
     </span>
     <span class='ocr_line' id='line_1_31' title="bbox 239 2392 1621 2448; baseline -0.002 -14"><span class='ocrx_word' id='word_1_230' title='bbox 239 2406 281 2438; x_wconf 74' lang='lat'>30</span> <span class='ocrx_word' id='word_1_231' title='bbox 296 2395 543 2447; x_wconf 83' lang='lat' dir='ltr'>elongatum</span> <span class='ocrx_word' id='word_1_232' title='bbox 575 2395 625 2434; x_wconf 91' lang='lat' dir='ltr'>ab</span> <span class='ocrx_word' id='word_1_233' title='bbox 659 2394 910 2447; x_wconf 87' lang='lat' dir='ltr'>apparencia</span> <span class='ocrx_word' id='word_1_234' title='bbox 933 2408 1063 2448; x_wconf 88' lang='lat' dir='ltr'>quam</span> <span class='ocrx_word' id='word_1_235' title='bbox 1087 2394 1325 2447; x_wconf 78' lang='lat' dir='ltr'>precedens,</span> <span class='ocrx_word' id='word_1_236' title='bbox 1361 2392 1473 2432; x_wconf 91' lang='lat' dir='ltr'>Cum</span> <span class='ocrx_word' id='word_1_237' title='bbox 1499 2393 1621 2432; x_wconf 87' lang='lat' dir='ltr'>multi</span> 
     </span>
     <span class='ocr_line' id='line_1_32' title="bbox 296 2465 1622 2518; baseline -0.001 -14"><span class='ocrx_word' id='word_1_238' title='bbox 296 2465 452 2505; x_wconf 87' lang='lat' dir='ltr'>intrant</span> <span class='ocrx_word' id='word_1_239' title='bbox 485 2465 773 2505; x_wconf 81' lang='lat' dir='ltr'>sanctuarium</span> <span class='ocrx_word' id='word_1_240' title='bbox 817 2479 913 2504; x_wconf 88' lang='lat' dir='ltr'>curn</span> <span class='ocrx_word' id='word_1_241' title='bbox 958 2466 1030 2505; x_wconf 93' lang='lat' dir='ltr'>illo</span> <span class='ocrx_word' id='word_1_242' title='bbox 1075 2473 1261 2518; x_wconf 82' lang='lat' dir='ltr'>peccato,</span> <span class='ocrx_word' id='word_1_243' title='bbox 1303 2465 1470 2505; x_wconf 88' lang='lat' dir='ltr'>racione</span> <span class='ocrx_word' id='word_1_244' title='bbox 1503 2465 1622 2504; x_wconf 89' lang='lat' dir='ltr'>cuius</span> 
     </span>
     <span class='ocr_line' id='line_1_33' title="bbox 297 2535 1620 2588; baseline -0.002 -13"><span class='ocrx_word' id='word_1_245' title='bbox 297 2544 492 2575; x_wconf 88' lang='lat' dir='ltr'>tenentur</span> <span class='ocrx_word' id='word_1_246' title='bbox 544 2535 733 2575; x_wconf 88' lang='lat' dir='ltr'>amittere</span> <span class='ocrx_word' id='word_1_247' title='bbox 784 2535 1032 2587; x_wconf 82' lang='lat' dir='ltr'>libertatem,</span> <span class='ocrx_word' id='word_1_248' title='bbox 1079 2549 1181 2588; x_wconf 86' lang='lat' dir='ltr'>ymo</span> <span class='ocrx_word' id='word_1_249' title='bbox 1216 2548 1314 2574; x_wconf 91' lang='lat' dir='ltr'>cum</span> <span class='ocrx_word' id='word_1_250' title='bbox 1368 2535 1620 2588; x_wconf 88' lang='lat' dir='ltr'>principium</span> 
     </span>
     <span class='ocr_line' id='line_1_34' title="bbox 299 2604 1621 2659; baseline -0.002 -14"><span class='ocrx_word' id='word_1_251' title='bbox 299 2605 490 2658; x_wconf 86' lang='lat' dir='ltr'>Gregorii</span> <span class='ocrx_word' id='word_1_252' title='bbox 534 2605 588 2646; x_wconf 89' lang='lat' dir='ltr'>sit</span> <span class='ocrx_word' id='word_1_253' title='bbox 623 2619 771 2645; x_wconf 87' lang='lat' dir='ltr'>verum</span> <span class='ocrx_word' id='word_1_254' title='bbox 804 2606 920 2659; x_wconf 90' lang='lat' dir='ltr'>quod</span> <span class='ocrx_word' id='word_1_255' title='bbox 952 2604 1090 2645; x_wconf 91' lang='lat' dir='ltr'>omnis</span> <span class='ocrx_word' id='word_1_256' title='bbox 1125 2614 1163 2644; x_wconf 90' lang='lat' dir='ltr'>et</span> <span class='ocrx_word' id='word_1_257' title='bbox 1195 2605 1426 2657; x_wconf 82' lang='lat' dir='ltr'>specialiter</span> <span class='ocrx_word' id='word_1_258' title='bbox 1469 2604 1621 2657; x_wconf 88' lang='lat' dir='ltr'>presci-</span> 
     </span>
    </p>
   </div>
   <div class='ocr_carea' id='block_1_3' title="bbox 300 2753 1623 2881">
    <p class='ocr_par' dir='ltr' id='par_1_4' title="bbox 300 2753 1623 2881">
     <span class='ocr_line' id='line_1_35' title="bbox 353 2753 1623 2789; baseline -0.001 -9"><span class='ocrx_word' id='word_1_259' title='bbox 353 2762 381 2789; x_wconf 73' lang='grc' dir='ltr'>ς).</span> <span class='ocrx_word' id='word_1_260' title='bbox 412 2754 451 2788; x_wconf 77' lang='grc' dir='ltr'>Α1</span> <span class='ocrx_word' id='word_1_261' title='bbox 479 2753 634 2788; x_wconf 79' lang='lat' dir='ltr'>corrigere</span> <span class='ocrx_word' id='word_1_262' title='bbox 660 2753 739 2781; x_wconf 88' lang='lat' dir='ltr'>vult:</span> <span class='ocrx_word' id='word_1_263' title='bbox 771 2761 807 2780; x_wconf 82' lang='lat' dir='ltr'>ex</span> <span class='ocrx_word' id='word_1_264' title='bbox 828 2753 976 2788; x_wconf 77' lang='lat' dir='ltr'>gravitate</span> <span class='ocrx_word' id='word_1_265' title='bbox 997 2758 1165 2781; x_wconf 82' lang='lat' dir='ltr'>contracta.</span> <span class='ocrx_word' id='word_1_266' title='bbox 1312 2753 1348 2780; x_wconf 75' lang='lat'>13.</span> <span class='ocrx_word' id='word_1_267' title='bbox 1370 2754 1399 2780; x_wconf 93' lang='lat' dir='ltr'><strong>A</strong></span> <span class='ocrx_word' id='word_1_268' title='bbox 1419 2753 1476 2786; x_wconf 53' lang='lat' dir='ltr'>Al:</span> <span class='ocrx_word' id='word_1_269' title='bbox 1499 2760 1571 2779; x_wconf 52' lang='lat' dir='ltr'>canu</span> <span class='ocrx_word' id='word_1_270' title='bbox 1595 2757 1623 2779; x_wconf 83' lang='lat' dir='ltr'>et</span> 
     </span>
     <span class='ocr_line' id='line_1_36' title="bbox 300 2798 1622 2835; baseline -0.001 -9"><span class='ocrx_word' id='word_1_271' title='bbox 300 2799 394 2826; x_wconf 76' lang='lat' dir='ltr'>deest,</span> <span class='ocrx_word' id='word_1_272' title='bbox 539 2808 578 2835; x_wconf 82' lang='lat'>¹7-</span> <span class='ocrx_word' id='word_1_273' title='bbox 600 2799 633 2827; x_wconf 89' lang='lat' dir='ltr'>In</span> <span class='ocrx_word' id='word_1_274' title='bbox 649 2799 776 2827; x_wconf 78' lang='lat' dir='ltr'>materia</span> <span class='ocrx_word' id='word_1_275' title='bbox 796 2799 973 2827; x_wconf 84' lang='lat' dir='ltr'>involubili:</span> <span class='ocrx_word' id='word_1_276' title='bbox 994 2799 1186 2835; x_wconf 72' lang='lat' dir='ltr'>superfluum</span> <span class='ocrx_word' id='word_1_277' title='bbox 1210 2808 1277 2827; x_wconf 82' lang='lat' dir='ltr'>esse</span> <span class='ocrx_word' id='word_1_278' title='bbox 1298 2804 1325 2826; x_wconf 88' lang='lat' dir='ltr'>et</span> <span class='ocrx_word' id='word_1_279' title='bbox 1346 2807 1360 2826; x_wconf 88' lang='lat' dir='ltr'>e</span> <span class='ocrx_word' id='word_1_280' title='bbox 1382 2807 1478 2833; x_wconf 77' lang='lat' dir='ltr'>marg.</span> <span class='ocrx_word' id='word_1_281' title='bbox 1508 2798 1535 2825; x_wconf 87' lang='lat' dir='ltr'>in</span> <span class='ocrx_word' id='word_1_282' title='bbox 1557 2803 1622 2826; x_wconf 76' lang='lat' dir='ltr'>tex-</span> 
     </span>
     <span class='ocr_line' id='line_1_37' title="bbox 301 2844 1621 2881; baseline -0.002 -8"><span class='ocrx_word' id='word_1_283' title='bbox 301 2851 365 2873; x_wconf 77' lang='lat' dir='ltr'>tum</span> <span class='ocrx_word' id='word_1_284' title='bbox 395 2846 543 2874; x_wconf 80' lang='lat' dir='ltr'>incidisse</span> <span class='ocrx_word' id='word_1_285' title='bbox 573 2846 702 2873; x_wconf 81' lang='lat' dir='ltr'>videtur.</span> <span class='ocrx_word' id='word_1_286' title='bbox 848 2846 888 2873; x_wconf 64' lang='lat'>18.</span> <span class='ocrx_word' id='word_1_287' title='bbox 920 2846 958 2872; x_wconf 81' lang='lat' dir='ltr'>B:</span> <span class='ocrx_word' id='word_1_288' title='bbox 993 2851 1154 2881; x_wconf 84' lang='lat' dir='ltr'>peccatum</span> <span class='ocrx_word' id='word_1_289' title='bbox 1186 2846 1332 2873; x_wconf 78' lang='lat' dir='ltr'>incidere.</span> <span class='ocrx_word' id='word_1_290' title='bbox 1475 2844 1517 2871; x_wconf 75' lang='lat'>23.</span> <span class='ocrx_word' id='word_1_291' title='bbox 1545 2847 1571 2872; x_wconf 73' lang='grc' dir='ltr'>Α</span> <span class='ocrx_word' id='word_1_292' title='bbox 1593 2845 1621 2871; x_wconf 85' lang='lat' dir='ltr'>in</span> 
     </span>
    </p>
   </div>
   <div class='ocr_carea' id='block_1_4' title="bbox 301 2890 1516 2927">
    <p class='ocr_par' dir='ltr' id='par_1_5' title="bbox 301 2890 1516 2927">
     <span class='ocr_line' id='line_1_38' title="bbox 301 2890 1516 2927; baseline -0.002 -8"><span class='ocrx_word' id='word_1_293' title='bbox 301 2900 415 2927; x_wconf 46' lang='lat' dir='ltr'>inni-gs</span> <span class='ocrx_word' id='word_1_294' title='bbox 438 2892 616 2920; x_wconf 81' lang='lat' dir='ltr'>Conclusio,</span> <span class='ocrx_word' id='word_1_295' title='bbox 762 2891 806 2919; x_wconf 74' lang='lat'>28.</span> <span class='ocrx_word' id='word_1_296' title='bbox 829 2890 873 2920; x_wconf 62' lang='lat'>30⁴</span> <span class='ocrx_word' id='word_1_297' title='bbox 895 2892 930 2919; x_wconf 67' lang='lat'>13:</span> <span class='ocrx_word' id='word_1_298' title='bbox 957 2893 1150 2920; x_wconf 81' lang='lat' dir='ltr'>immunitate</span> <span class='ocrx_word' id='word_1_299' title='bbox 1172 2908 1200 2911; x_wconf 98' lang='lat'><strong>—</strong></span> <span class='ocrx_word' id='word_1_300' title='bbox 1224 2892 1399 2927; x_wconf 75' lang='lat' dir='ltr'>elongatum</span> <span class='ocrx_word' id='word_1_301' title='bbox 1423 2891 1516 2918; x_wconf 74' lang='lat' dir='ltr'>deest.</span> 
     </span>
    </p>
   </div>
   <div class='ocr_carea' id='block_1_5' title="bbox 1829 242 1902 294">
    <p class='ocr_par' dir='ltr' id='par_1_6' title="bbox 1829 242 1902 294">
     <span class='ocr_line' id='line_1_39' title="bbox 1829 242 1902 294; baseline 0.027 -16"><span class='ocrx_word' id='word_1_302' title='bbox 1829 242 1902 294; x_wconf 85' lang='lat'>175</span> 
     </span>
    </p>
   </div>
   <div class='ocr_carea' id='block_1_6' title="bbox 1646 1773 1893 1907">
    <p class='ocr_par' dir='ltr' id='par_1_7' title="bbox 1646 1773 1893 1880">
     <span class='ocr_line' id='line_1_40' title="bbox 1674 1773 1872 1802; baseline 0 -1"><span class='ocrx_word' id='word_1_303' title='bbox 1674 1773 1743 1801; x_wconf 82' lang='lat' dir='ltr'>The</span> <span class='ocrx_word' id='word_1_304' title='bbox 1766 1774 1872 1802; x_wconf 75' lang='lat' dir='ltr'>West-</span> 
     </span>
     <span class='ocr_line' id='line_1_41' title="bbox 1652 1809 1893 1844; baseline 0 -8"><span class='ocrx_word' id='word_1_305' title='bbox 1652 1809 1782 1837; x_wconf 80' lang='lat' dir='ltr'>minster</span> <span class='ocrx_word' id='word_1_306' title='bbox 1803 1809 1893 1844; x_wconf 79' lang='lat' dir='ltr'>privi-</span> 
     </span>
     <span class='ocr_line' id='line_1_42' title="bbox 1646 1844 1892 1880; baseline -0.004 -8"><span class='ocrx_word' id='word_1_307' title='bbox 1646 1846 1712 1880; x_wconf 83' lang='lat' dir='ltr'>lege</span> <span class='ocrx_word' id='word_1_308' title='bbox 1734 1844 1758 1872; x_wconf 86' lang='lat' dir='ltr'>is</span> <span class='ocrx_word' id='word_1_309' title='bbox 1779 1853 1795 1871; x_wconf 87' lang='lat' dir='ltr'>a</span> <span class='ocrx_word' id='word_1_310' title='bbox 1815 1844 1892 1871; x_wconf 75' lang='lat' dir='ltr'>false</span> 
     </span>
    </p>

    <p class='ocr_par' dir='ltr' id='par_1_8' title="bbox 1740 1888 1810 1907">
     <span class='ocr_line' id='line_1_43' title="bbox 1740 1888 1810 1907; baseline 0 -1"><span class='ocrx_word' id='word_1_311' title='bbox 1740 1888 1810 1907; x_wconf 83' lang='lat' dir='ltr'>one.</span> 
     </span>
    </p>
   </div>
  </div>
 </body>
</html>
