2045 3312
121 291 174 344 75
866 302 1091 335 JOHANle
1117 303 1313 335 WYCLIF.
1563 288 1669 347 [CAP.
1685 299 1737 327 iv.

468 407 534 448 Sic
567 420 666 460 ergo
699 407 863 447 videtur
895 407 997 447 mihi
1032 408 1151 461 quod
1184 408 1394 448 sentencia
1418 417 1663 448 sanctorum
1687 408 1737 447 de
1757 417 1835 452 138d
1856 419 1890 453 E

409 477 609 517 membris
649 491 743 517 vere
789 477 960 517 ecclesie
1006 477 1059 518 sit
1103 478 1410 531 pernecessaria
1454 478 1596 531 hodie,
1632 477 1739 518 sicut

410 547 488 588 fuit
532 557 724 601 tempore
770 548 982 601 sinagoge.
1033 548 1149 589 Sicut
1196 547 1309 587 enim
1358 557 1458 588 tunc
1503 548 1738 589 sacerdotes

411 618 591 672 pretensi
624 618 820 659 dixerunt
851 632 1085 672 repugnare
1125 617 1399 672 promissioni
1438 619 1577 659 divine
1621 619 1739 673 quod

411 689 488 742 ipsi
503 689 569 729 vel
583 688 796 742 possessio
815 702 964 729 eorum
982 697 1136 742 pereat,
1154 688 1262 729 sicut
1281 689 1739 742 recitatJeremiasVII⁰‚
1757 697 1773 731 5

414 773 502 813 cap.
532 769 578 811 4:
615 759 756 800 Nolite
789 759 1004 813 confidere
1037 760 1080 799 in
1117 759 1257 800 verbis
1289 759 1514 811 mendacii,
1554 759 1741 801 dicentes

414 831 619 884 templum
653 829 831 880 domini,
878 830 1082 883 templum
1125 830 1300 879 domini,
1337 830 1542 883 templum
1577 830 1741 871 domini

118 912 306 975 Tiiiti-'sseuf‘iss
331 909 496 983 gip-est,
542 902 600 942 sic
640 911 680 942 et
719 903 850 942 modo
890 901 1055 941 videtur
1094 901 1303 954 quosdam
1343 900 1582 954 prepositos
1614 901 1740 953 parti-

118 964 566 1029 tisatt‘hpalferi-oscularis
600 972 771 1013 ecclesie
804 972 876 1026 qui
910 972 1168 1026 pretendunt
1207 984 1248 1010 se
1288 984 1335 1010 ex
1373 970 1455 1011 fide
1494 971 1740 1011 convincere

136 1017 383 1081 tiiioessiiiliicilguii
416 1043 533 1096 quod
566 1043 645 1096 ipsi
681 1042 910 1095 capitaliter
939 1050 1083 1096 regant
1115 1041 1223 1081 Petri
1259 1040 1512 1093 naviculam,
1545 1041 1602 1081 sic
1625 1042 1742 1095 quod
1762 1061 1800 1082 ιο

414 1113 506 1166 ipsa
546 1122 685 1166 potest
722 1112 919 1153 fluctibus
959 1112 1084 1152 seculi
1132 1111 1301 1152 concuti
1347 1112 1420 1151 sed
1462 1124 1550 1151 non
1593 1111 1742 1165 mergi.

416 1184 469 1223 Et
513 1183 568 1223 sic
614 1183 835 1236 implicant
878 1197 919 1222 se
967 1197 1015 1223 ex
1059 1182 1423 1236 predestinacione
1468 1181 1609 1221 divina
1656 1195 1742 1221 non

411 1267 536 1306 posse
575 1254 795 1307 dampnari
835 1268 910 1294 nec
950 1252 1202 1307 temporalia
1242 1266 1367 1306 posse
1406 1266 1429 1291 a
1461 1265 1537 1292 sua
1569 1251 1741 1292 ecclesia

412 1323 596 1376 spoliari,
631 1324 703 1362 sed
736 1324 785 1363 de
819 1323 1066 1363 necessitate
1100 1321 1244 1362 salutis
1269 1330 1438 1375 oportet
1461 1335 1612 1361 omnes
1636 1321 1741 1361 alios

413 1393 660 1433 christianos
699 1394 755 1433 eis
796 1393 927 1434 subici
968 1402 1007 1434 et
1039 1401 1263 1446 tamquam
1296 1392 1493 1445 capitales
1527 1391 1569 1430 in
1603 1391 1740 1431 domi-
1761 1400 1797 1432 15

413 1464 590 1504 nacione
614 1464 788 1504 seculari
813 1478 858 1504 ac
882 1463 1087 1518 spirituali
1113 1462 1310 1503 omnium
1333 1463 1547 1502 bonorum
1571 1462 1742 1502 ecclesie

413 1534 636 1573 dominari.
702 1535 837 1586 Unde,
871 1535 978 1575 sicut
1023 1535 1257 1574 sacerdotes
1301 1533 1502 1573 Aaronite
1550 1532 1743 1572 dixerunt

414 1605 530 1658 quod
563 1618 646 1644 non
674 1605 837 1657 peribit
872 1605 942 1645 lex
974 1619 999 1644 α
1032 1603 1259 1644 sacerdote
1293 1617 1427 1657 neque
1460 1603 1685 1643 consilium
1716 1616 1742 1642 cz

412 1677 606 1727 sapiente
654 1689 790 1729 neque
833 1689 977 1716 sermo
1016 1688 1041 1714 a
1074 1675 1291 1728 propheta
1336 1672 1403 1728 (ut
1442 1673 1596 1713 dicitur
1634 1674 1740 1712 Jere-

413 1746 495 1785 mie
527 1746 695 1797 XV1110,
733 1744 817 1799 18),
851 1745 907 1785 sic
939 1745 1134 1785 videntur
1166 1745 1300 1785 dicere
1333 1744 1459 1784 hodie
1499 1744 1614 1798 quod
1648 1757 1739 1796 pre-
1759 1763 1799 1784 20

414 1826 530 1857 tensa
564 1825 603 1856 et
646 1815 907 1869 particularis
954 1815 1124 1855 ecclesia
1178 1815 1229 1855 sit
1279 1814 1494 1868 tripliciter
1546 1814 1740 1864 stabilita,

414 1887 570 1927 scilicet
602 1886 757 1927 Christi
799 1886 1095 1939 promissione,
1144 1885 1393 1925 fulcimento
1431 1884 1533 1938 legis
1573 1884 1742 1924 ecclesie

415 1971 496 2011 que
529 1957 739 2010 equivalet
771 1956 866 1996 fidei
900 1956 1136 2008 christiane,
1170 1964 1210 1996 et
1237 1956 1473 1996 multorum
1500 1955 1740 2008 sapientum

419 2027 749 2081 constipacione.

149 2107 368 2148 '1‘1195511011id
475 2100 557 2139 Sed
598 2098 762 2137 utinam
803 2097 1126 2145 considerarent,
1173 2097 1312 2151 primo
1351 2097 1467 2150 quod
1506 2110 1581 2135 nec
1619 2096 1782 2137 locusa
1817 2103 1848 2135 F

123 2144 492 2218 gi³1i¹c³idccii1iliiita¹i<ssnec
527 2168 681 2208 eleccio
715 2168 902 2206 humana
936 2166 1032 2207 facit
1064 2167 1306 2206 membrum
1339 2166 1509 2206 ecclesie
1542 2166 1613 2205 sed
1646 2179 1737 2217 pre-

142 2223 156 2241 Ἀ
185 2215 325 2280 nifiiiiissii
351 2218 382 2242 οἵ
416 2238 647 2279 destinacio
693 2238 833 2277 divina
873 2246 1063 2291 respectu
1105 2237 1396 2290 cuiuscunque
1434 2236 1505 2290 qui
1548 2248 1737 2288 perseve-

417 2318 555 2350 ranter
594 2308 814 2349 Christum
857 2307 1046 2362 sequitur
1091 2307 1132 2346 in
1179 2307 1346 2346 caritate
1386 2316 1425 2347 et
1463 2305 1740 2359 relinquendo

418 2380 562 2419 omnia
595 2379 845 2432 temporalia
877 2379 1056 2418 moritur
1079 2377 1281 2431 penaliter
1305 2377 1347 2416 in
1371 2376 1614 2416 defensione
1638 2374 1740 2427 legis

418 2464 502 2490 sue.
553 2449 749 2489 Secundo
784 2449 1095 2488 considerarent
1128 2461 1226 2487 curn
1260 2446 1486 2486 formidine
1520 2456 1781 2488 conversa-b

125 2520 583 2577 and1-ess95t33·11<35ci013e1]1
600 2533 734 2571 suam,
757 2519 980 2572 quomodo
1005 2518 1086 2557 vite
1112 2517 1257 2570 capitis
1282 2515 1613 2567 conformantur,
1644 2515 1744 2569 quia

124 2565 401 2661 ssizffiialii›¹{1}isslslitttrci⁵
418 2604 464 2629 ex
499 2589 580 2628 fide
612 2590 765 2629 debent
797 2589 962 2628 credere
995 2588 1113 2641 quod
1146 2600 1221 2626 nec
1255 2595 1352 2626 sunt
1396 2587 1460 2626 vel
1500 2586 1742 2626 membrum

330 2645 343 2661 c-

214 2669 312 2696 llead-
418 2659 602 2710 ecclesie,
636 2672 711 2698 nec
744 2658 801 2698 illi
836 2667 934 2698 sunt
967 2657 1121 2711 quihus
1155 2656 1262 2696 facta
1285 2656 1363 2696 fuit
1386 2655 1629 2709 promissio,
1663 2654 1741 2693 nisi

418 2729 696 2782 relinquendo
730 2728 875 2767 omnia
907 2741 1042 2781 usque
1076 2728 1127 2766 ad
1159 2736 1343 2766 mortem
1378 2725 1578 2779 penaliter
1611 2724 1742 2765 secuti

475 2875 503 2899 4.
527 2866 630 2893 Codd:
654 2873 859 2900 repungnare.
936 2873 975 2891 ιο.
998 2865 1024 2891 Α
1046 2863 1075 2890 in
1104 2870 1220 2897 marga
1247 2861 1328 2890 Nota
1349 2861 1386 2889 de
1407 2870 1497 2897 papa.
1571 2860 1611 2888 25.
1634 2860 1692 2888 AB
1713 2860 1742 2888 in

418 2921 530 2947 marga
545 2912 672 2947 Triplex
685 2911 911 2939 consideracio,
928 2913 952 2938 Α
967 2912 1022 2945 A1:
1042 2909 1143 2937 nullus
1156 2909 1242 2936 locus
1258 2909 1303 2936 vel
1318 2907 1425 2935 leccio.
1448 2907 1513 2935 Hus
1525 2917 1530 2933 :
1544 2907 1645 2935 nullus
1658 2907 1743 2935 locus

418 2960 462 2986 vel
479 2959 605 2987 eleccio.
621 2959 641 2986 Β
663 2958 692 2986 in
706 2966 801 2993 marg.
825 2966 905 2986 inan.
920 2966 991 2986 reo:
1010 2958 1074 2986 Nec
1095 2960 1184 2986 locus
1199 2965 1252 2985 ncc
1265 2956 1379 2984 eleccio
1392 2955 1463 2983 facit
1476 2954 1730 2991 predestinatum.
