2045 3312
226 230 378 288 CAP.v.]
735 244 795 276 DE
821 243 1059 276 ECCLESIA.
1774 246 1847 284 ¹09

83 361 119 395 P
150 361 225 403 ¹43⁰
298 351 420 391 Unde
452 349 729 400 Bernhardus‚
769 349 830 389 De
864 348 1230 399 Consideracione‚
1263 348 1369 388 libro
1401 350 1474 397 VO,
1508 349 1559 388 ad

239 421 480 475 Eugenium
512 434 682 473 papam,
721 419 841 473 ponit
875 428 971 460 octo
1005 420 1158 459 modos
1191 418 1414 458 unitatum.
1466 419 1557 467 Est,

207 491 388 545 linquit,
433 491 577 530 unitas
621 503 701 544 que
745 490 968 530 collectiva
1011 495 1157 543 potest
1200 489 1300 541 dici,
1347 496 1392 529 ut
1435 490 1561 529 multi

199 561 406 614 §zlapides
425 562 605 616 faciunt
635 573 838 601 acervum
874 574 1022 601 unum.
1055 560 1136 600 Est
1174 560 1319 600 unitas
1351 560 1557 600 constitu-

206 634 338 683 stiva,
381 646 475 672 cum
524 632 659 672 multa
707 631 899 672 membra
941 645 1073 671 unum
1122 643 1279 683 corpus
1320 630 1387 670 vel
1431 630 1559 670 multe

199 710 384 756 apartes
436 717 569 744 unum
621 702 818 757 quodque
868 708 1000 742 totum
1053 703 1329 742 constituunt.
1389 701 1468 740 Est
1521 707 1560 740 et

237 775 514 828 coniugativa
561 788 645 828 qua
670 774 742 828 fit,
787 781 832 813 ut
863 773 947 813 duo
982 773 1065 813 iam
1112 785 1195 812 non
1239 772 1323 812 duo
1361 772 1447 812 sint
1483 771 1560 812 sed

195 853 323 885 4una
356 858 472 885 caro.
506 845 585 885 Est
616 852 654 885 et
696 845 841 885 nativa
879 857 966 898 qua
1014 845 1162 884 anima
1209 850 1245 882 et
1293 855 1398 882 caro
1447 854 1559 881 unus

196 916 433 957 5nascitur
465 915 603 956 homo.
637 915 715 955 Est
748 915 892 955 unitas
915 914 1181 967 potestativa
1204 926 1289 967 qua
1322 913 1447 952 homo
1471 913 1558 952 vir-

183 987 338 1028 rotulis
371 999 454 1026 non
490 986 701 1026 instabilis
740 999 822 1026 non
863 985 1089 1026 dissimilis
1126 984 1205 1024 sed
1243 997 1355 1024 unus
1393 983 1559 1023 sibimet

195 1065 403 1109 esemper
436 1058 586 1097 nititur
625 1056 827 1097 inveniri.
874 1056 953 1096 Est
997 1061 1300 1106 consentanea,
1345 1067 1440 1094 cum
1476 1067 1560 1107 per

234 1128 458 1168 caritatem
494 1129 729 1168 multorum
755 1127 975 1168 hominum
1000 1133 1062 1167 est
1083 1139 1159 1166 cor
1182 1139 1316 1165 unum
1339 1131 1379 1165 et
1409 1126 1558 1165 anima

199 1206 221 1240 ’7
237 1211 337 1239 una.
371 1199 450 1239 Est
481 1207 521 1239 et
544 1200 698 1249 votiva,
721 1212 815 1239 cum
834 1200 982 1239 anima
1009 1199 1116 1239 votis
1131 1198 1329 1237 omnibus
1345 1196 1558 1236 adherens

194 1267 329 1311 SDeo
364 1282 476 1310 unus
507 1269 687 1322 spiritus
719 1275 793 1309 est.
827 1269 883 1309 Et
920 1275 983 1309 est
1021 1269 1245 1323 dignativa
1285 1268 1432 1307 unitas
1473 1280 1558 1320 qua

181 1338 364 1380 15limus
397 1347 542 1381 noster
584 1355 609 1380 α
654 1341 738 1379 Dei
767 1339 896 1380 verbo
941 1341 983 1380 in
1031 1353 1160 1379 unam
1208 1344 1455 1391 assumptus
1498 1344 1561 1377 est

226 1425 478 1466 personam.
513 1411 567 1451 Et
588 1425 714 1465 super
736 1411 834 1451 istas
856 1419 952 1450 octo
976 1410 1157 1450 unitates
1180 1409 1279 1449 dicit
1302 1409 1343 1448 in
1368 1409 1556 1462 quodam

233 1497 425 1523 sermone
458 1484 575 1538 quod
590 1490 654 1524 est
680 1484 822 1523 unitas
846 1481 1113 1534 principalis
1136 1494 1221 1534 qua
1255 1486 1340 1520 tres
1366 1492 1556 1532 persone

234 1555 374 1595 divine
405 1560 503 1594 sunt
537 1567 623 1593 una
657 1553 932 1594 indivisibilis
971 1552 1179 1594 essencia.
1225 1552 1278 1591 Et
1317 1550 1373 1590 sic
1417 1548 1555 1589 onmis
1582 1561 1679 1607 Unity
1700 1562 1829 1598 maybe

233 1625 369 1665 unitas
402 1633 540 1678 potest
572 1623 650 1663 dici
679 1623 1019 1677 supernaturalis,
1042 1622 1241 1664 naturalis
1265 1621 1331 1661 vel
1354 1620 1553 1660 virtualis.
1570 1598 1846 1660 niiffrff1¹¹sgr¹¹s3i'r-

177 1695 330 1734 20Duo
373 1694 606 1748 posteriora
658 1695 849 1734 membra
880 1694 1090 1748 recipiunt
1142 1693 1368 1734 divisiones
1411 1691 1553 1731 multi—
1664 1668 1737 1695 mah

232 1765 359 1818 plices
392 1774 431 1805 et
463 1779 561 1805 cum
593 1765 634 1804 in
668 1765 883 1819 equivocis
916 1779 1003 1804 non
1037 1765 1088 1805 sit
1111 1763 1406 1814 contradiccio,
1441 1770 1556 1815 patet

232 1836 348 1889 quod
380 1849 466 1875 non
517 1845 728 1890 repugnat
766 1850 917 1889 corpus
957 1835 1129 1876 ecclesie
1167 1849 1252 1874 non
1304 1831 1554 1881 continuari,

231 1906 448 1959 loquendo
500 1907 550 1946 de
603 1906 927 1946 continuacione
978 1905 1155 1946 naturali
1201 1903 1411 1955 sensibili,
1457 1916 1555 1942 cum

232 1976 416 2029 quelibet
449 1990 542 2029 pars
576 1976 663 2016 eius
697 1976 973 2030 quantitativa
1006 1976 1219 2029 completa
1251 1974 1293 2013 in
1331 1982 1426 2013 actu
1467 1986 1554 2011 non

178 2049 217 2081 25
235 2046 290 2086 sic
324 2046 594 2088 continuatur
626 2061 724 2087 cum
756 2046 835 2086 alia
874 2046 1115 2086 naturaliter
1148 2043 1552 2094 incommunicante,

233 2125 271 2156 et
303 2125 444 2156 tamen
477 2116 748 2157 continuatur
780 2116 858 2155 alia
882 2115 1208 2156 continuacione
1231 2115 1433 2168 spirituali
1457 2114 1552 2167 plus

232 2187 327 2226 forti
360 2201 433 2240 per
465 2187 661 2240 spiritum
694 2186 769 2226 Dei
803 2186 1006 2227 diffusum
1038 2186 1080 2225 in
1113 2186 1311 2226 cordibus
1358 2185 1554 2225 omnium

233 2258 522 2297 membrorum
554 2256 725 2297 ecclesie
764 2257 1017 2297 habencium
1056 2256 1201 2296 onmia
1238 2256 1280 2295 in
1320 2254 1551 2295 communi.

184 2342 218 2383 Q
291 2328 453 2377 Quarto
485 2327 769 2381 principaliter
800 2327 988 2380 arguitur
1019 2340 1092 2380 per
1123 2326 1204 2365 hoc
1238 2326 1353 2379 quod
1386 2326 1437 2365 ad
1459 2325 1552 2364 uni-

177 2412 218 2444 30
231 2412 380 2438 vocam
412 2398 625 2438 racionem
658 2398 828 2438 ecclesie
851 2397 1074 2452 requiritur
1110 2397 1291 2436 univoca
1314 2396 1423 2436 racio
1457 2410 1551 2436 sua-

286 2509 305 2529 1.
326 2502 353 2529 A
374 2501 403 2528 in
426 2509 534 2537 marga
557 2501 762 2530 Bernhardus.
779 2502 808 2528 A
823 2500 844 2528 B
865 2501 895 2528 in
917 2509 1026 2536 marg:
1040 2499 1172 2527 Unitatis
1188 2504 1258 2527 octo
1280 2499 1377 2526 modi.
1452 2507 1493 2525 10.
1511 2499 1550 2525 B:

232 2556 292 2576 non
314 2548 448 2576 instabit.
593 2550 630 2577 15.
651 2549 690 2575 13:
712 2556 773 2576 una
793 2553 985 2583 assumptus.
1128 2555 1176 2581 29.
1196 2548 1224 2574 A
1246 2547 1274 2573 in
1297 2554 1412 2580 marg:
1436 2545 1553 2581 Quarta

231 2594 383 2623 obieccio.
407 2595 463 2623 Hic
485 2600 567 2623 nota.
590 2595 670 2623 Nota
702 2595 862 2623 materiam
894 2594 930 2621 de
952 2593 1082 2621 univoca
1103 2593 1226 2621 racione
1248 2593 1388 2628 parcium
1409 2592 1552 2620 ecclesie.

990 2647 1090 2669 activa

230 2665 252 2692 Β
274 2666 304 2693 in
326 2674 423 2701 marg.
460 2674 542 2693 man.
565 2667 628 2693 alr:
649 2665 880 2693 predestinacio
909 2665 964 2702 <
991 2688 1117 2724 pqssiva

1014 2706 1022 2716 ι

296 2785 320 2805 1.
342 2773 531 2806 Bernhardi
551 2775 643 2818 Opp.
671 2785 748 2818 pag.
783 2772 882 2815 1048.
966 2773 1014 2805 16.
1042 2772 1093 2804 Cf.
1122 2781 1326 2803 sermonem
1355 2768 1549 2802 Bernhardi

234 2832 340 2875 (Opp.
367 2843 443 2876 pag.
476 2834 577 2876 45o):
610 2833 732 2865 Unitas
765 2831 963 2875 principalis
1002 2842 1071 2873 que
1099 2837 1132 2862 et
1158 2828 1400 2862 substancialis
1441 2834 1492 2859 est
1519 2827 1553 2858 in

234 2897 394 2922 trlnltate.
