2045 3312
223 238 313 267 CAP.
338 228 408 287 Ν]
738 240 797 271 DE
826 238 1064 270 ECCLEsiA.
1783 228 1833 268 85

70 361 208 402 M14o²²
224 348 463 388 membrum
507 347 616 386 illius
661 343 843 384 ecclesie.
893 343 973 383 Sed
1007 357 1134 383 nemo
1181 344 1269 384 sine
1319 343 1544 384 formidine

221 419 286 458 vel
336 416 595 458 revelacione
648 422 846 454 assereret
897 414 1013 467 quod
1059 413 1110 453 sit
1153 414 1461 467 predestinatus
1508 424 1546 454 et

221 497 387 528 sanctus
420 487 507 527 sine
540 486 707 526 macula
745 485 811 525 vel
850 494 976 538 ruga:
1011 497 1110 536 ergo
1145 484 1375 524 conclusio.
1422 485 1546 525 Unde

220 559 349 598 miror
381 571 464 611 qua
496 556 633 597 fronte
671 555 804 608 magis
843 555 1144 594 contendentes
1182 568 1259 608 pro
1292 555 1546 608 proprietate
1560 562 1615 590 Yet
1635 563 1694 590 this
1717 563 1742 590 is
1756 563 1837 592 done

186 629 432 674 5bonorum
465 627 649 678 ecclesie,
683 625 817 679 magis
852 624 1093 665 seculariter
1125 624 1328 677 viventes,
1363 625 1546 679 elongati
1562 599 1835 662 Wlffgsgrffivaetsesdm

217 713 240 739 a
273 698 425 738 Christi
461 696 783 738 conversacione
818 706 857 736 et
890 696 985 749 plus
1018 695 1175 735 steriles
1208 696 1258 735 ab
1292 695 1545 736 execucione
1596 669 1801 733 nffltsfflrre

219 768 372 809 Christi
408 767 571 808 consilii
605 776 645 807 et
666 765 850 822 precepti
875 766 970 819 plus
1002 765 1228 806 vendicant
1261 765 1389 806 titulo
1415 766 1541 820 parti-

217 839 314 893 cipii
345 838 456 879 illius
490 838 660 879 ecclesie
700 837 813 877 bona
858 835 1033 876 fortunii
1078 850 1153 891 per
1194 837 1386 877 accidens
1431 837 1544 877 adia-

217 908 357 949 cencia
394 909 452 948 illi
491 909 675 961 ecclesie,
710 921 839 962 quam
874 906 1060 947 fecerunt
1091 907 1274 960 apostoli
1318 908 1383 947 vel
1416 908 1545 948 sancti

163 1003 201 1024 10
217 989 352 1033 patres
385 979 557 1033 priores.
592 978 815 1032 Numquid
834 978 1043 1018 credimus
1078 978 1195 1031 quod
1218 978 1275 1018 sic
1298 978 1544 1031 placitantes

216 1059 313 1091 sunt
345 1050 476 1090 sancti
510 1050 598 1090 sine
631 1049 797 1089 macula
831 1048 1019 1088 mortalis
1051 1049 1117 1089 vel
1139 1063 1243 1103 ruga
1274 1046 1471 1089 venialis?
1504 1050 1546 1090 Si

216 1121 360 1162 dicunt
398 1122 515 1175 quod
554 1120 624 1172 sic,
671 1119 856 1160 desercio
903 1118 1056 1159 Christi
1110 1119 1272 1160 consilii
1313 1134 1410 1160 cum
1451 1121 1544 1160 ocio

216 1191 344 1231 sancti
397 1190 523 1231 officii
570 1191 646 1230 hos
689 1191 989 1244 condempnat.
1035 1191 1106 1230 Jus
1146 1191 1259 1230 enim
1306 1191 1547 1232 humanum

214 1275 302 1301 non
335 1262 404 1301 dat
437 1261 493 1301 eis
527 1261 699 1301 titulum
730 1261 868 1301 taliter
892 1260 1157 1313 vendicandi,
1192 1270 1231 1301 et
1264 1262 1328 1302 ius
1353 1262 1546 1303 divinum

163 1344 199 1376 15
215 1333 337 1372 docet
370 1332 486 1386 quod
517 1331 709 1385 rapinam
741 1332 954 1371 bonorum
977 1345 1075 1371 cum
1097 1331 1253 1385 gaudio
1287 1333 1547 1386 susciperent

215 1411 254 1443 et
286 1416 366 1456 que
399 1416 473 1442 sua
506 1411 602 1442 sunt
634 1415 722 1442 non
754 1401 811 1442 sic
844 1411 1077 1455 repeterent
1110 1397 1321 1457 (ut'patet
1350 1417 1438 1457 cap.
1470 1404 1544 1444 ΙΙΙΟ

215 1487 263 1512 ex
282 1472 527 1513 testimonio
544 1472 651 1512 beati
670 1472 894 1526 Gregorii).
930 1473 1030 1521 Quo
1064 1472 1154 1512 iure
1188 1486 1285 1527 ergo
1318 1474 1375 1514 sic
1398 1475 1544 1514 vendi-

215 1552 322 1594 cant,
349 1556 447 1583 cum
478 1543 652 1583 nitendo
686 1543 743 1582 sic
776 1542 832 1582 illi
865 1542 990 1584 titulo
1022 1543 1073 1582 ab
1107 1544 1259 1584 eodem
1292 1558 1333 1583 se
1356 1543 1543 1598 privant?

215 1613 542 1654 Considerarent
575 1627 673 1667 ergo
708 1613 979 1653 condiciones
1019 1623 1159 1654 sancte
1192 1615 1336 1655 matris
1360 1617 1542 1669 ecclesie,

159 1707 199 1727 ω
216 1693 444 1738 antequam
493 1683 703 1738 redarguti
738 1698 785 1724 ex
817 1684 990 1738 proprio
1025 1698 1151 1738 opere
1195 1694 1341 1727 contra
1387 1686 1542 1727 Christi

217 1755 390 1794 consilia
423 1754 480 1794 sic
512 1754 729 1795 instarent.

166 1849 202 1882 N
274 1838 325 1877 Et
358 1847 566 1891 quantum
589 1838 641 1877 ad
664 1838 825 1878 dictum
847 1838 897 1878 de
918 1839 1113 1879 Romana
1132 1838 1316 1891 ecclesia,
1341 1853 1540 1893 suppono
1557 1841 1834 1914 ChTulffihRgffinbe

216 1909 330 1961 quod
356 1907 425 1947 illa
448 1908 609 1948 dicatur
631 1918 773 1948 sancta
795 1917 927 1948 mater
952 1908 1125 1948 ecclesia
1141 1909 1358 1961 catholica,
1384 1924 1540 1963 sponsa
1556 1913 1833 1976 gssefheascffllffiffi

216 1976 385 2018 Christi.
420 1979 473 2018 Et
506 1987 618 2031 patet
651 1979 767 2032 quod
789 1978 858 2018 illa
891 1978 1151 2031 diffunditur,
1176 1979 1418 2034 ubicunque
1442 1991 1540 2021 sunt
1565 1981 1820 2046 Cgffighffllissffllg-

183 2060 199 2092 1
215 2048 356 2089 fideles
370 2049 661 2102 predestinati;
686 2050 798 2089 unde
823 2048 887 2104 (ut
910 2050 1024 2103 tetigi
1041 2049 1251 2103 superius)
1276 2051 1541 2102 Augustinus
1629 2038 1761 2082 raiithful.

212 2119 253 2158 in
271 2120 445 2173 epistola
459 2121 512 2160 ad
521 2122 766 2160 Dardanum
783 2135 870 2174 cap.
890 2121 979 2173 XIO,
993 2135 1206 2174 exponens
1221 2121 1325 2161 illud
1339 2121 1541 2162 Johannis

212 2190 389 2241 XVIIIO,
420 2205 480 2244 14,
516 2191 704 2244 Expedit
736 2198 780 2231 ut
818 2205 929 2232 unus
954 2192 1080 2232 lzomo
1106 2194 1321 2233 moriatur
1350 2206 1435 2246 pro
1458 2207 1538 2245 po-

206 2260 313 2312 pulo
337 2267 410 2302 etc,
431 2262 655 2315 Cayplzas,
671 2262 820 2316 inquit⁷
832 2264 1114 2315 prophetavit
1136 2263 1249 2316 quod
1266 2263 1386 2303 Deus
1410 2264 1540 2317 filius

213 2343 313 2371 Suos
328 2339 619 2386 congregaret
633 2333 674 2372 in
693 2346 840 2375 unum.
854 2333 962 2385 Non,
978 2333 1127 2387 inquit,
1143 2335 1185 2374 in
1203 2335 1388 2387 aliquem
1407 2348 1538 2374 unum

158 2411 199 2444 30
216 2402 351 2440 locum
387 2403 675 2454 corporalem,
708 2403 783 2443 sed
805 2404 1093 2457 congregavit
1115 2405 1155 2444 in
1181 2418 1313 2444 unum
1338 2406 1537 2457 spiritum

214 2478 253 2511 et
286 2485 417 2512 unum
453 2486 611 2525 corpus
643 2474 765 2513 cuius
799 2487 929 2512 zmunz
966 2480 1095 2526 caput
1127 2481 1187 2514 est
1230 2474 1436 2515 Clu-istus.
1479 2477 1539 2516 Ex

215 2555 299 2595 quo
332 2551 446 2595 patet
478 2544 595 2596 quod
633 2543 771 2583 unitas
813 2554 953 2584 sancte
991 2545 1134 2585 matris
1175 2546 1344 2586 ecclesie
1379 2556 1457 2586 stat
1496 2547 1537 2586 in

273 2687 313 2706 22.
335 2679 396 2707 AB
418 2680 447 2707 in
472 2682 641 2717 marg.:[)e
661 2681 800 2710 Romana
811 2682 949 2710 ecclesia.
965 2684 991 2710 A
1012 2684 1041 2710 in
1063 2684 1468 2719 11mrg.zR01nanaecclesia
1481 2689 1536 2720 cst,

216 2725 391 2762 ubicunque
418 2734 489 2755 sunt
519 2729 632 2756 fideles.
707 2730 754 2757 κύ.
785 2730 817 2756 ln
852 2730 943 2758 codd.
974 2732 1053 2758 AB:
1084 2738 1150 2767 cap.
1174 2730 1268 2759 XVII.
1294 2733 1332 2767 Al
1354 2732 1487 2759 correxit
1508 2732 1536 2758 in

218 2773 372 2808 margine:
395 2774 446 2801 XI.
522 2783 566 2809 27.
589 2776 708 2804 coda:
730 2776 810 2804 XIX.

280 2903 332 2935 27.
359 2894 451 2937 Opp.
478 2895 567 2936 Aug.
595 2902 680 2928 tom.
708 2896 746 2935 ΙΙ,
774 2895 854 2939 (390,
