2045 3312
301 254 391 284 CAP.
416 247 498 301 xx]
807 261 865 291 DE
894 260 1128 292 ECCLEsm.
1827 265 1904 306 471

145 374 180 408 Y
204 378 282 420 195⁰
355 365 416 404 Ex
460 366 612 418 quibus
658 375 770 418 patet
805 366 921 418 quod
954 365 1089 405 natale
1122 365 1279 404 vicium
1312 368 1447 405 sanari
1480 376 1621 420 potest

298 449 371 488 per
402 435 514 475 viam
546 449 718 475 morum
749 445 835 475 tam
864 437 1006 489 quoad
1036 435 1186 475 celeste
1208 435 1462 476 beneficium
1491 451 1621 490 quam

300 516 525 558 terrenum,
568 520 642 545 nec
676 506 855 546 dubium
887 506 989 559 quin
1023 505 1198 545 dimisso
1231 505 1380 545 affectu
1414 507 1620 559 primatus

298 576 363 615 vel
415 576 509 615 data
560 576 824 629 prepositura
882 576 1100 615 amovibili
1152 575 1267 615 iuxta
1327 577 1620 617 testimonium
1635 588 1770 617 Prolatos
1800 591 1912 618 should

265 658 280 689 5
299 646 411 699 digni
445 646 582 699 operis
615 647 678 685 vel
710 646 871 699 indigni
906 646 1012 686 foret
1043 645 1194 686 melius
1217 645 1259 685 in
1289 646 1461 685 ecclesia
1491 661 1620 700 quam
1655 624 1892 687 bteofefflgvssgie

298 725 359 756 est
390 717 534 756 modo.
575 717 706 770 Leges
740 730 836 770 ergo
870 717 1107 756 secundum
1141 730 1245 770 quas
1277 716 1486 756 iudicatur
1518 730 1619 756 con·
1704 695 1844 722 ¹¹³V¹⁰u¹³

297 795 358 826 tra
390 786 523 839 magis
555 785 739 825 habilem
772 787 915 840 quoad
938 787 1077 826 Deum
1110 800 1187 839 pro
1219 785 1361 826 minus
1394 786 1523 825 habili
1554 787 1620 826 vel

295 855 469 910 indigno
503 864 601 896 sunt
633 856 811 896 omnino
841 857 992 897 iniuste
1025 857 1104 909 vel,
1138 857 1171 896 si
1202 870 1289 896 non
1322 856 1380 896 sic
1411 856 1621 896 iudicatur

296 927 531 966 secundum
581 927 692 980 leges
735 927 825 966 illas
876 941 952 967 nec
1002 927 1069 967 ille
1115 926 1325 967 sufficiant
1361 926 1620 966 habilitatem

244 997 482 1037 iohominis
527 997 578 1036 ad
621 997 719 1036 talia
761 998 947 1049 edocere,
994 997 1171 1038 stultum
1204 996 1310 1036 foret
1341 996 1503 1050 legibus
1542 996 1620 1037 illis

296 1067 339 1106 in
371 1066 534 1106 iudiciis
573 1067 679 1107 cecis
712 1067 926 1107 intendere
960 1077 998 1108 et
1031 1067 1289 1107 evidenciam
1319 1067 1456 1120 operis
1490 1081 1620 1120 quam

297 1137 410 1177 Deus
443 1137 556 1177 dedit
587 1137 831 1191 relinquere.

833 1382 956 1423 CAP.
990 1384 1080 1423 XX.

249 1496 283 1528 A
357 1489 534 1528 Fructus
572 1488 697 1528 huius
735 1489 863 1541 longe
897 1488 1187 1527 contencionis
1220 1489 1270 1527 de
1304 1498 1445 1529 nostra
1476 1499 1618 1530 sancta
1633 1500 1712 1529 This
1729 1502 1909 1531 discussion

244 1566 280 1597 15
296 1568 429 1599 matre
475 1559 648 1599 ecclesia
693 1559 798 1598 foret
843 1572 1021 1612 sequens
1068 1558 1224 1598 noticia
1256 1559 1458 1611 scripture
1491 1573 1617 1611 sacre,
1645 1537 1898 1608 ῗέἶιοὲῖινῗεὲἒᾎάἑῗ

297 1639 336 1670 et
368 1643 441 1682 per
474 1643 737 1683 consequens
777 1629 950 1668 dileccio
984 1629 1126 1682 sponsi
1160 1638 1199 1669 et
1231 1643 1384 1682 sponse
1414 1629 1617 1671 inducens
1649 1606 1892 1680 05{{{¹j{'},¹}s‘{'he

297 1700 533 1739 laborantes
565 1699 608 1738 in
641 1698 719 1739 ista
751 1698 833 1738 fide
872 1698 1048 1738 fideliter
1079 1699 1120 1738 in
1155 1700 1335 1738 domum
1368 1700 1532 1739 domini
1565 1701 1616 1739 ad
1631 1678 1909 1754 qucnagiygtszfighe

296 1770 586 1822 regulandum,
643 1769 699 1809 ita
760 1769 876 1822 quod
929 1768 986 1807 illi
1035 1769 1268 1821 applicetur
1320 1769 1422 1808 illud
1478 1748 1907 1825 APOC·XQ{1·)clialgsgrqK.e

297 1839 468 1879 ultimo:
516 1839 701 1892 Spiritus
747 1846 785 1878 et
826 1851 985 1890 sponsa
1029 1838 1202 1878 dicunt:
1252 1839 1367 1879 Veni.
1410 1841 1615 1889 Quamvis
1687 1820 1855 1846 mmmm&

240 1928 280 1949 20
296 1919 438 1949 autem
476 1908 651 1962 quilibet
682 1908 785 1947 liber
817 1908 1018 1961 scripture
1050 1909 1221 1962 requirit
1253 1924 1329 1962 pro
1370 1910 1457 1950 eius
1490 1924 1615 1950 sensu

298 1980 499 2020 noticiam
533 1979 650 2018 istius
682 1978 842 2018 articuli
878 1978 975 2018 fidei
1009 1979 1058 2017 de
1092 1979 1261 2019 ecclesia
1296 1989 1437 2020 sancta
1470 1981 1614 2020 catho—

296 2049 387 2101 lica,
433 2049 665 2103 specialiter
717 2058 857 2089 tamen
911 2049 1013 2088 liber
1056 2050 1351 2103 Apocalypsis,
1404 2051 1616 2091 canticum

297 2121 466 2161 ecclesie
510 2120 835 2159 Proverbiorum
867 2120 1023 2159 ΧΧΧΙ0
1056 2129 1095 2160 et
1128 2120 1302 2160 Cantica
1340 2121 1614 2162 canticorum.

260 2200 276 2231 1
297 2191 482 2241 Quando
522 2190 635 2229 enim
668 2199 804 2243 partes
837 2190 1007 2230 ecclesie
1040 2191 1262 2230 turbantur
1293 2205 1387 2244 erga
1420 2191 1616 2244 plurima,

238 2270 499 2303 25vocantur
531 2260 841 2300 adolescentule
885 2274 973 2300 non
1018 2260 1219 2301 habentes
1254 2261 1392 2310 ubera,
1435 2275 1616 2315 quarum

295 2332 498 2371 Salomon
538 2332 636 2371 dicit
675 2345 761 2370 non
796 2345 882 2371 esse
915 2345 1143 2371 numerum
1175 2341 1345 2384 propter
1385 2332 1616 2371 volubilem

202 2409 280 2453 193d
295 2401 565 2441 affeccionem
596 2401 724 2440 animi
765 2401 869 2440 circa
907 2402 1061 2454 multa;
1083 2401 1108 2429 ’ὃ
1131 2402 1202 2441 sed
1241 2403 1412 2455 quando
1452 2402 1616 2442 Martha

256 2471 465 2513 2dimissa
509 2471 593 2511 vita
637 2472 769 2511 activa
813 2471 951 2510 induit
995 2471 1177 2525 figuram
1210 2472 1352 2524 Marie,
1394 2473 1615 2513 intendens

294 2543 550 2595 incomplete
594 2550 736 2581 tamen
782 2542 853 2581 uni
893 2542 1126 2582 necessario
1160 2543 1505 2596 contemplando,
1550 2543 1613 2582 in-

347 2723 367 2741 1.
389 2715 418 2742 A
437 2714 467 2742 in
491 2722 605 2749 marg:
627 2713 806 2742 Conclusio.
950 2723 992 2742 10.
1014 2714 1052 2741 B:
1075 2715 1194 2750 legibus
1210 2717 1255 2743 vel
1277 2716 1317 2742 in.
1461 2724 1498 2743 12.
1521 2716 1614 2743 relin-

295 2761 538 2796 quere3A.Seq.
560 2763 663 2795 glossa
684 2761 866 2789 ssohemica:
881 2761 955 2789 Jako
975 2770 1091 2798 czynye
1111 2770 1204 2798 nassy
1225 2762 1429 2797 pravilegiste.
1445 2761 1477 2790 Id
1499 2766 1560 2790 est:
1582 2767 1615 2790 ut

295 2807 411 2834 faciunt
427 2808 523 2835 nostri
540 2808 614 2835 iuris
630 2808 746 2843 legiste.
855 2817 894 2843 17.
912 2808 951 2836 18.
974 2808 1013 2835 B:
1030 2809 1066 2836 ad
1083 2809 1288 2841 regnandum.
1398 2817 1439 2842 Π).
1456 2809 1488 2836 In
1503 2809 1612 2836 codd.:

294 2852 439 2888 Sponsus
461 2858 488 2881 et
508 2861 623 2888 sponsa
645 2854 762 2882 dicunt.
785 2853 913 2882 correxi
935 2864 950 2881 e
971 2860 1052 2883 textu
1074 2856 1173 2891 Apoc.
1196 2856 1291 2885 XXII.
1315 2865 1352 2888 ¹7.
1498 2863 1544 2884 20.
1568 2857 1612 2884 A:

295 2899 423 2935 quilibet
442 2901 566 2928 librum.
