2045 3312
268 274 356 302 CAP.
377 263 474 321 xxi]
777 279 835 309 DE
863 276 1098 309 ECCLESIA.
1798 269 1873 307 505

115 394 148 427 1,
173 394 251 438 μβ·
266 383 560 422 caracteribus
595 383 660 423 vel
692 385 733 422 in
767 396 813 422 se
845 383 911 423 wel
936 388 1071 435 prout
1105 382 1315 421 uniuntur
1347 384 1387 422 in
1425 384 1588 423 unitate

267 459 307 493 et
350 454 595 507 integritate
631 453 821 493 subiecti.
856 452 901 492 Si
944 452 984 491 in
1019 465 1086 503 se,
1125 452 1185 492 sic
1223 452 1443 506 differunt,
1481 454 1588 494 sicut

268 525 435 565 diverse
474 524 634 578 species
667 525 851 573 numeri,
883 524 920 563 si
950 523 1138 563 secundo
1172 523 1311 574 modo,
1346 530 1446 564 tunc
1477 525 1588 564 sicut

267 595 464 634 binarius
479 601 517 635 et
537 594 844 647 quaternarius
860 594 1122 633 constituunt
1135 594 1356 634 senarium
1374 600 1413 634 et
1435 594 1590 634 habent

234 666 482 707 5raci0nem
503 665 645 717 partis
667 664 934 704 constitutive
965 670 1004 703 et
1034 665 1389 718 complementum
1406 665 1588 718 ponitur

267 736 309 775 in
347 736 533 783 senario,
578 735 639 775 sic
678 734 1006 789 intelligendum
1053 742 1114 775 est
1161 735 1202 774 in
1241 735 1463 788 proposito
1507 749 1587 775 suo

224 805 405 855 4modo,
449 805 545 845 licet
584 818 665 844 non
704 806 758 845 sit
789 805 964 844 omnino
996 806 1147 847 simile.
1203 806 1368 854 Quarto
1401 805 1589 858 arguitur

267 889 340 928 per
381 874 461 914 hoc
505 876 623 928 quod
668 882 827 915 natura
873 889 955 915 non
988 875 1107 930 facit
1158 889 1243 929 per
1277 876 1417 928 plura
1477 876 1591 929 quod

255 945 417 998 facere
460 952 601 998 potest
643 958 727 998 per
775 959 923 996 unum,
969 959 1073 1000 ergo
1118 953 1248 985 autor
1300 953 1452 987 nature
1505 960 1587 986 non

213 1015 471 1068 minzprimit
509 1016 551 1055 in
591 1016 790 1055 ordinato
825 1016 983 1056 multos
1022 1023 1283 1065 caracteres,
1319 1030 1415 1057 cum
1447 1018 1585 1058 solum

268 1098 380 1125 unus
432 1085 606 1139 sufficit,
649 1086 758 1126 sicut
802 1087 939 1127 evenit
983 1087 1024 1126 in
1072 1087 1292 1140 baptismo.
1344 1088 1436 1136 Que
1480 1101 1588 1142 ergo

270 1156 698 1209 necessitasponendi
720 1157 761 1196 in
787 1156 936 1198 ordine
959 1165 1043 1197 tam
1069 1158 1285 1198 distinctos
1308 1159 1590 1202 caracteres?

266 1225 523 1277 Dicendum,
547 1226 695 1280 inquit,
725 1228 839 1280 quod
860 1228 937 1268 lzoc
959 1241 1105 1268 verum
1132 1235 1207 1277 est,
1233 1228 1404 1282 quando
1427 1229 1591 1283 aliquid

258 1304 401 1349 potest
421 1310 505 1350 per
533 1311 664 1336 unum
693 1299 751 1337 ita
780 1298 986 1351 complete
1009 1298 1119 1351 fieri
1146 1305 1190 1338 ut
1216 1311 1300 1352 per
1320 1300 1479 1352 plui-cm
1512 1301 1590 1340 lzoc

211 1377 248 1408 15
265 1373 407 1406 autem
426 1381 508 1406 non
522 1368 582 1422 fit
602 1368 643 1407 in
660 1369 882 1421 proposito
892 1382 977 1422 pro
992 1382 1040 1409 eo
1061 1369 1174 1422 quod
1189 1376 1353 1422 oportet
1366 1370 1590 1411 ordinatos

267 1450 349 1477 non
368 1437 505 1476 solum
524 1438 736 1492 distingui
751 1439 803 1478 ab
827 1439 938 1488 aliis,
955 1440 1063 1479 sicut
1075 1439 1135 1493 fit
1156 1447 1357 1480 caracter
1372 1440 1588 1493 baptismi,

263 1507 340 1547 sed
390 1514 553 1560 oportet
604 1509 716 1562 ipsos
764 1509 974 1563 distingui
1024 1511 1128 1563 plus
1188 1524 1316 1563 quam
1372 1511 1590 1551 materiali

264 1577 521 1630 dzfferencia
554 1579 596 1617 in
629 1591 675 1618 se
706 1580 825 1631 ipsis.

210 1657 250 1689 M
322 1648 592 1701 Expergiscat
635 1663 738 1702 rogo
783 1650 1040 1690 auditorium
1089 1660 1128 1690 et
1172 1651 1407 1692 consideret
1446 1651 1478 1690 si
1512 1651 1587 1691 iste
1620 1659 1868 1722 tgjlsserisegldiffiie

210 1719 382 1759 zolocus
417 1727 456 1758 et
494 1732 632 1758 sermo
665 1720 890 1760 doctorum
924 1722 994 1760 dat
1026 1720 1171 1760 efficax
1205 1721 1498 1762 testimonium
1537 1722 1587 1761 ad
1615 1735 1702 1756 usto
1722 1730 1863 1781 estiniatq

265 1788 575 1828 fantasiandum
608 1791 723 1843 quod
746 1791 886 1830 solum
910 1791 952 1830 in
976 1791 1120 1830 ordine
1144 1792 1387 1832 sacerdotali
1410 1801 1590 1832 caracter
1604 1770 1881 1836 3333351'13335

264 1858 533 1911 imprimitur,
551 1873 649 1898 cum
671 1869 757 1899 tam
781 1860 943 1914 spissim
967 1861 1186 1901 manifeste
1209 1871 1384 1902 testatur
1413 1862 1587 1915 opposi-

265 1937 371 1968 tum.
396 1929 448 1968 Et
470 1943 611 1968 revera
634 1930 766 1969 homo
790 1931 855 1970 cui
878 1945 941 1970 ars
964 1931 1202 1971 menciendi
1218 1946 1305 1971 non
1322 1929 1428 1972 foret
1449 1933 1591 1972 lauda-

266 1999 356 2038 bilis
383 2000 733 2040 verecundaretur
755 2002 805 2040 de
821 2010 906 2041 tam
923 2010 1089 2055 patente
1107 2002 1343 2044 mendacio.
1362 2003 1432 2042 Ille
1448 2011 1589 2043 autem

211 2078 251 2109 25
268 2069 338 2123 qui
362 2069 426 2108 vel
447 2069 671 2110 intenderit
693 2071 837 2111 omnia
860 2072 969 2112 dicta
993 2086 1066 2112 sua
1089 2073 1179 2126 capi
1202 2074 1374 2127 yronice
1388 2074 1454 2113 vel
1474 2087 1589 2113 men-

268 2139 435 2178 dacium
468 2140 544 2179 sibi
577 2141 797 2182 ascriberet
829 2143 880 2181 ad
911 2143 1134 2195 honorem,
1175 2144 1289 2184 daret
1323 2144 1591 2184 occasionem

268 2218 314 2249 ut
337 2223 422 2248 non
456 2211 645 2250 credatur
668 2211 850 2265 amplius
884 2213 1130 2266 allegacioni
1153 2215 1218 2254 vel
1243 2214 1486 2254 testimonio
1511 2228 1589 2255 suo

269 2280 397 2319 eciam
440 2280 640 2334 quicquid
679 2282 885 2322 iuraverit.
920 2283 980 2322 Ex
1014 2284 1152 2337 primo
1186 2285 1312 2338 igitur
1344 2295 1590 2326 commento
1636 2304 1853 2332 nonavemura

270 2351 478 2404 colligitur
515 2352 632 2405 quod
671 2353 820 2392 doctor
856 2353 933 2392 iste
971 2354 1035 2393 vel
1076 2353 1264 2395 falsificat
1302 2356 1591 2409 multipliciter
1624 2340 1869 2409 ἓῖὲῖἶζΐιῶῧὲὲῖῗῗ

213 2428 255 2460 30
271 2430 417 2460 testem
451 2435 590 2472 suum,
624 2423 689 2461 vel
723 2423 838 2476 quod
871 2423 1113 2464 testificacio
1136 2439 1314 2479 sequens
1339 2426 1389 2466 sit
1411 2427 1589 2467 omnino
1635 2411 1848 2480 orglsletgelgely

271 2491 474 2530 mendosa
519 2500 557 2531 et
601 2491 725 2531 nimis
769 2493 940 2544 inutilis,
989 2508 1085 2534 cum
1130 2495 1218 2548 ipse
1256 2505 1296 2536 et
1328 2496 1443 2537 testis
1489 2511 1590 2537 suus

270 2570 357 2600 tam
404 2561 546 2601 crebro
591 2571 630 2601 et
675 2571 762 2602 tam
806 2564 948 2616 patule
994 2565 1298 2605 contradicunt.
1354 2568 1589 2616 Quomodo

272 2644 403 2684 queso
448 2631 689 2671 invocarem
735 2632 1043 2674 racionabiliter
1074 2635 1321 2689 suffragium
1358 2635 1589 2676 testimonii

323 2845 353 2870 4.
374 2836 407 2863 In
429 2837 538 2864 codd.:
559 2838 726 2866 ternarius
835 2840 863 2867 6.
885 2840 913 2867 A
927 2840 984 2876 A,:
1006 2840 1084 2868 sicut
1102 2840 1351 2876 intelligendum.
1461 2841 1497 2870 13.
1515 2842 1588 2869 Ain

272 2890 386 2917 marg-t
407 2882 592 2918 Responsio.
738 2884 780 2912 16.
806 2884 839 2912 In
863 2886 972 2913 codd:
995 2885 1129 2921 distigui.
1273 2894 1318 2914 20.
1342 2888 1369 2914 A
1390 2888 1445 2922 Al:
1469 2888 1589 2923 logicus

272 2933 299 2955 et
320 2936 435 2956 sermo.
577 2930 622 2957 28.
645 2930 683 2958 B:
706 2931 807 2966 primo
829 2939 912 2967 ergo.
