2045 3312
286 251 376 279 CAr‘-
393 241 461 298 XL]
804 254 863 286 DE
890 254 1130 286 EcctsssiA.
1816 243 1894 282 235

135 371 167 406 F
192 371 269 405 ,ὀμ
288 359 485 413 precipue
518 358 693 399 trahitur
725 359 776 398 ab
810 358 1141 399 inhabitantibus
1165 359 1287 398 illum
1309 360 1466 410 locum,
1491 369 1605 413 patet

287 430 403 484 quod
435 429 527 469 talis
559 429 873 469 monachorum
905 428 1081 470 infeccio
1121 430 1294 484 derogat
1327 429 1533 470 sanctitati
1567 440 1605 470 et

286 499 520 540 reverencie
552 498 633 538 loci
667 512 797 552 quarn
830 512 898 538 rex
930 499 1198 553 privilegians
1231 499 1488 540 intendebat.

235 584 272 619 G
343 571 430 610 Nec
460 568 569 608 valet
598 568 733 609 dicere
767 567 832 623 (ut
864 569 1004 609 audivi
1037 570 1249 623 quosdam
1281 567 1455 626 fingere)
1490 571 1606 624 quod
1626 576 1759 640 {efficii
1780 583 1893 640 caanot

253 655 269 688 5
286 639 391 680 infra
422 639 564 680 locum
596 638 798 679 haberent
821 639 1003 680 iniuriati
1037 649 1182 680 contra
1205 639 1410 693 profugos
1433 654 1603 694 respon·
1630 621 1889 709 mtebsamcxtxgqpyq

255 712 430 758 1dentes
476 709 634 751 ibidem
680 709 842 750 iusticie
889 710 1266 763 complementum.
1318 710 1460 750 Primo
1509 710 1607 764 quia
1622 686 1899 780 muoteZTiisriJiifi-rls·

286 781 388 821 ritus
420 782 535 834 regni
568 780 786 821 laudabilis
818 780 861 819 in
892 780 1088 820 habendo
1121 780 1263 820 forum
1286 781 1608 821 contenciosum
1622 758 1742 781 courto
1772 758 1899 789 Jusnoe'

284 852 327 890 in
359 852 454 892 loco
486 851 710 906 prophano
743 864 832 890 non
864 851 987 891 debet
1018 851 1061 890 in
1094 852 1275 891 domum
1309 850 1515 891 oracionis
1543 852 1609 890 vel

285 921 431 962 locum
470 933 663 963 sanctum
707 930 880 975 propter
917 922 998 961 tale
1035 920 1293 961 maleficium
1325 922 1606 962 transmutari.

247 993 482 1041 2Secundo
517 992 615 1047 quia
646 992 866 1032 monachis
898 1005 976 1045 pro
1021 1006 1208 1046 quorum
1242 992 1381 1046 quiete
1413 1006 1482 1032 rex
1520 1001 1606 1032 tam
1622 997 1651 1029 b)
1670 1003 1702 1025 to
1722 998 1794 1026 hold
1815 998 1900 1026 trials

287 1072 426 1103 tenere
470 1063 710 1117 procuravit
752 1062 975 1102 inferretur
1021 1063 1258 1115 dampnum
1304 1062 1457 1114 anime,
1508 1062 1607 1116 quia
1654 1033 1865 1096 tiiisiiniiciiiigi

287 1133 542 1187 inquietacio
559 1148 581 1173 a
600 1133 964 1186 contemplacione
979 1132 1209 1173 distrahens
1225 1132 1343 1173 cuius
1359 1133 1608 1186 oppositum
1698 1104 1824 1139 monis:

245 1219 270 1251 3
286 1204 553 1258 privilegians
575 1204 833 1244 intendebat.
868 1203 1019 1244 Tercio
1043 1204 1141 1257 quia
1162 1212 1307 1244 contra
1329 1204 1393 1243 ius
1416 1203 1608 1243 divinum
1657 1210 1865 1271 chutgcffsaesaa

286 1284 326 1315 et
348 1275 411 1315 ius
436 1274 604 1315 ecclesie
621 1284 681 1314 est
694 1274 850 1314 violare
869 1287 1069 1327 sponsam
1086 1273 1239 1314 Christi
1258 1274 1323 1313 vel
1344 1274 1486 1313 locum
1503 1273 1604 1313 eius.
1622 1277 1898 1341 eggrtviglfmlgxivtfs

233 1360 268 1393 15
288 1346 410 1386 Unde
442 1346 519 1386 V10
552 1344 850 1395 Decretalium,
884 1345 951 1384 De
984 1345 1255 1384 immunitate
1287 1343 1481 1395 ecclesie,
1517 1357 1606 1396 cap.

288 1416 433 1464 Decet,
468 1424 694 1469 postquam
727 1414 964 1454 ostenditur
996 1428 1043 1454 ex
1076 1414 1281 1467 scriptura
1314 1414 1429 1467 quod
1463 1413 1607 1454 multi-

285 1485 448 1539 pliciter
471 1486 588 1525 decet
610 1484 806 1524 sanctitas
829 1485 1009 1524 domum
1032 1484 1122 1537 Dei,
1146 1484 1203 1524 sic
1226 1483 1418 1524 infertur:
1444 1481 1609 1524 Nullus

285 1557 327 1595 in
363 1555 467 1596 locis
499 1555 657 1596 eisdem
704 1556 745 1595 in
779 1554 935 1608 quibus
967 1567 1062 1594 cum
1091 1567 1202 1607 pace
1239 1567 1291 1594 ac
1335 1556 1475 1607 quiete
1512 1562 1609 1595 vota

287 1628 485 1666 convenit
503 1626 731 1675 celebrari,
746 1625 1007 1666 sedicionem
1033 1626 1199 1675 excitet,
1215 1624 1607 1665 conclamacionem

229 1723 270 1744 20
287 1702 467 1748 moveat,
517 1696 774 1750 impetumve
807 1696 1071 1745 committat;
1103 1702 1269 1736 cessent
1305 1697 1349 1736 in
1382 1695 1468 1735 illis
1514 1697 1609 1736 uni-

285 1766 539 1806 versitatum
584 1774 622 1807 et
664 1767 915 1807 societatum
958 1766 1143 1819 quelibet
1188 1766 1385 1817 consilia,
1434 1779 1608 1807 concer-

285 1837 476 1877 taciones
520 1844 557 1876 et
596 1837 773 1889 publica
810 1837 1133 1889 parliamenta;
1181 1843 1347 1876 cessent
1399 1850 1513 1877 vana
1573 1846 1610 1878 et

288 1907 422 1946 multo
443 1907 620 1961 sorcius
647 1906 762 1960 feda
810 1914 850 1946 et
885 1906 1119 1959 prophana
1167 1907 1399 1959 colloquia,
1447 1915 1612 1948 cessent

287 1976 670 2030 confabulaciones
690 1977 890 2030 quelibet,
913 1977 989 2016 sed
1001 1983 1224 2029 postremo
1245 1990 1500 2030 quecunque
1521 1979 1610 2018 alia

231 2063 270 2095 25
292 2060 373 2100 que
421 2047 612 2086 divinum
651 2054 832 2099 possent
875 2047 1057 2087 turbare
1101 2047 1294 2102 officium
1341 2054 1418 2088 aut
1462 2049 1610 2089 oculos

287 2116 430 2156 divine
487 2117 722 2157 maiestatis
768 2117 989 2170 offendere
1040 2118 1126 2157 sint
1171 2118 1225 2158 ab
1275 2119 1379 2171 ipsis
1420 2131 1611 2170 prorsus

290 2194 514 2235 extranea,
560 2201 612 2228 ne
654 2188 726 2227 ubi
748 2194 1032 2240 peccatorum
1075 2195 1137 2227 est
1170 2189 1294 2229 venia
1320 2190 1609 2241 postulanda,

288 2258 567 2310 ibipeccandi
589 2258 717 2298 detur
739 2259 909 2297 occasio
933 2265 1009 2297 aut
1028 2258 1414 2312 deprehendantur
1425 2267 1609 2312 peccata

289 2329 504 2368 committi.
570 2335 733 2368 cessent
776 2329 818 2368 in
864 2329 1057 2369 ecclesiis
1102 2342 1343 2382 earumque
1390 2331 1611 2370 cimiteriis

231 2413 273 2445 30
291 2399 617 2452 negociaciones
639 2404 680 2438 et
699 2399 912 2451 precipue
936 2398 1235 2438 nundinarum
1270 2412 1322 2439 ac
1341 2399 1444 2453 fori
1465 2401 1609 2441 cuius-

912 2524 924 2534 .

338 2557 368 2582 4.
400 2549 428 2575 A
458 2547 479 2575 B
510 2547 539 2576 in
570 2556 685 2583 marg:
715 2547 893 2583 Responsio
923 2547 1002 2575 ficta.
1146 2556 1184 2575 ιι.
1212 2548 1245 2576 In
1274 2548 1383 2576 codd.:
1414 2548 1609 2576 insereretur.

288 2595 324 2624 15.
346 2597 375 2623 A
395 2596 425 2624 in
446 2604 562 2631 marga
583 2595 665 2623 Nota
686 2603 741 2631 pro
763 2595 958 2623 immunitate
978 2595 1191 2623 ecclesiarum.
1264 2603 1311 2622 20.
1326 2604 1365 2623 21.
1387 2595 1478 2623 Decr.
1500 2596 1608 2623 habet:

287 2642 365 2670 locis
379 2642 438 2670 illis
454 2642 688 2670 universitatum
701 2647 730 2670 et
744 2642 928 2670 societatum
940 2642 1150 2678 quarumlibet
1167 2642 1308 2677 concilia,
1324 2643 1493 2671 conciones
1516 2648 1543 2670 et
1559 2664 1565 2669 .
1582 2664 1606 2670 ..

288 2688 333 2716 28.
354 2689 383 2717 A
402 2690 461 2724 Al:
483 2695 611 2725 peccata
630 2689 745 2725 quieta.
886 2696 935 2726 29.
958 2690 986 2717 A
1005 2689 1036 2716 in
1058 2697 1178 2725 marg:
1206 2689 1289 2718 Nota
1317 2694 1425 2717 contra
1451 2689 1606 2716 nundinas

289 2740 318 2762 et
338 2735 488 2763 secularia
509 2735 641 2771 negocia
660 2736 690 2763 in
712 2736 789 2763 locis
810 2735 918 2762 sacris.
946 2735 966 2762 Β
988 2735 1018 2763 in
1039 2744 1154 2771 marg:
1177 2736 1246 2772 Quc
1268 2736 1473 2772 prohibentur
1494 2736 1557 2763 lieri
1580 2735 1608 2762 in

289 2782 430 2810 ecclesiis
453 2787 482 2810 et
502 2791 609 2811 earum
632 2782 802 2811 cimiteriis

350 2888 402 2921 15.
430 2889 520 2922 Sexti
548 2890 674 2922 decret.
700 2889 758 2922 lib.
786 2890 839 2931 111,
866 2890 915 2922 tit.
945 2890 1068 2931 XXIII,
1095 2900 1167 2934 cap.
1195 2891 1234 2922 ΙΙ.
