2045 3312
140 264 220 304 586
867 275 1092 307 JOHANle
1123 274 1319 307 WYCIAF.
1508 262 1614 320 [CAP.
1641 273 1749 301 xxm.

168 390 382 454 Si?0‡³⁵‘³-³⁵
429 381 468 419 in
515 381 781 433 purgatorie,
832 393 961 433 quam
1007 381 1078 420 diu
1126 381 1230 420 inibi
1264 381 1379 420 subit
1420 393 1588 433 penam.
1637 382 1744 420 Nam
1767 389 1903 435 207‘12

168 435 382 497 punisi'irffgnt.
428 451 642 504 sequitur:
679 451 768 490 Hec
802 459 864 490 est
898 465 1008 504 pena
1038 452 1216 505 peccati,
1244 465 1344 504 ergo
1371 460 1432 490 est
1458 451 1619 504 aliquid
1652 465 1748 504 pec-

429 521 524 572 cati,
572 535 669 560 cum
718 521 857 560 omnis
891 535 1000 574 pena
1035 522 1088 561 sit
1134 535 1199 562 res
1233 522 1341 561 iusta
1375 535 1451 575 per
1483 534 1611 574 quam
1645 535 1739 574 pec-

429 599 571 630 catum
607 590 881 643 bonificatur,
917 600 957 632 et
990 605 1065 645 per
1098 605 1366 645 consequens
1398 591 1501 630 illud
1525 600 1750 644 peccatum

430 670 504 701 est.
540 661 758 715 Similiter,
799 662 831 701 si
873 663 1054 715 quilibet
1088 663 1129 702 in
1163 662 1414 716 purgatorio
1447 670 1656 716 purgatus
1690 669 1786 705 est5

429 732 606 772 omnino
655 732 744 772 sine
791 740 980 785 peccato,
1031 743 1132 772 tunc
1179 742 1241 772 est
1293 733 1349 772 ita
1403 732 1589 772 mundus
1645 732 1754 772 sicut

430 803 579 842 beatus
623 802 665 842 in
716 803 820 854 celo,
869 816 966 842 cum
1012 803 1151 842 solum
1185 812 1410 856 peccatum
1445 811 1591 842 causat
1624 802 1756 842 talem

429 873 755 925 inmundiciam,
797 883 837 913 et
877 886 950 926 per
992 886 1257 927 consequens
1291 872 1404 913 foret
1438 882 1526 913 tam
1560 871 1754 912 amabilis

430 944 471 983 in
525 943 778 996 purgatorio
825 945 877 984 ab
928 944 1103 983 ecclesia
1153 944 1463 997 triumphante,
1511 944 1623 983 sicut
1661 943 1754 996 ipso

431 1015 570 1066 beato,
606 1014 706 1067 quia
739 1023 826 1054 tam
871 1014 1061 1067 pulcher.
1098 1013 1318 1067 Similiter,
1352 1014 1531 1067 quilibet
1573 1014 1815 1056 existensm

432 1085 473 1123 in
519 1084 772 1138 purgatorio
818 1095 994 1139 propter
1038 1094 1263 1138 peccatum
1315 1097 1444 1124 suum
1497 1083 1753 1137 preteritum

433 1154 575 1195 deficit
622 1169 644 1195 a
688 1156 814 1208 plena
859 1155 1092 1195 dileccione
1127 1155 1206 1194 Dei
1239 1165 1279 1195 et
1325 1155 1512 1207 ecclesie,
1545 1166 1693 1208 ymmo
1734 1166 1757 1192 a

432 1227 557 1279 pleno
591 1225 786 1279 profectu
822 1226 900 1265 sibi
927 1236 967 1266 et
990 1226 1081 1265 aliis
1113 1239 1242 1280 quem
1281 1226 1430 1265 debuit
1452 1233 1553 1265 tunc
1577 1225 1748 1264 habere.

432 1296 503 1335 Ille
557 1309 658 1350 ergo
712 1296 904 1337 defectus
958 1297 1208 1350 purgandus
1254 1306 1316 1336 est
1362 1304 1600 1349 peccatum,
1656 1294 1754 1335 ideo

432 1367 603 1407 videtur
636 1380 790 1420 penam
824 1381 1007 1420 purgare
1041 1368 1161 1408 illum
1195 1367 1410 1407 defectum
1447 1374 1488 1407 et
1511 1365 1756 1406 satisfacere
1777 1375 1814 1408 15

433 1451 508 1487 pro
555 1436 723 1478 defectu
757 1439 978 1491 preterito,
1025 1447 1065 1478 et
1112 1437 1287 1492 quando
1319 1439 1392 1478 lux
1425 1437 1581 1477 amoris
1615 1437 1755 1489 primo

434 1507 667 1560 inducitur,
704 1518 804 1548 tunc
837 1509 978 1562 primo
1012 1509 1249 1549 obscuritas
1282 1508 1444 1562 peccati
1478 1507 1688 1547 educitur.

140 1589 203 1617 For
221 1590 317 1618 ausin
333 1590 419 1617 there
495 1579 674 1619 Videtur
708 1579 885 1619 ulterius
920 1579 1036 1632 quod
1070 1593 1148 1632 pro
1182 1579 1374 1633 quolibet
1405 1587 1581 1632 peccato
1605 1578 1646 1617 in
1671 1590 1757 1631 quo

142 1627 167 1654 is
187 1633 226 1652 an
249 1624 416 1660 appointed
570 1650 576 1656 .
824 1649 831 1655 .
1296 1649 1303 1655 .

173 1661 388 1696 punishment,
435 1649 600 1689 decedit
648 1649 964 1702 predestinatus
1014 1650 1129 1690 Deus
1176 1657 1326 1689 statuit
1373 1657 1533 1688 certam
1588 1660 1757 1701 penam,

142 1695 417 1771 w¹ss¹cfzii¹i1¹1cc›ht(¹⁰⁶
435 1733 531 1759 cum
565 1733 652 1774 quo
686 1734 771 1760 non
810 1720 970 1774 poterit
1011 1720 1082 1760 illo
1116 1729 1293 1773 peccato
1326 1719 1552 1772 supposito
1586 1718 1817 1772 dispen-2o

203 1768 359 1802 dispensa.
438 1805 545 1832 sare.
577 1791 687 1831 Nam
720 1803 796 1844 per
829 1790 941 1830 idem
976 1799 1120 1844 posset
1153 1790 1400 1844 dispensare
1435 1802 1531 1830 curn
1565 1789 1758 1843 quolibet

434 1869 609 1916 peccato
653 1862 694 1900 in
740 1861 990 1915 purgatorio
1036 1861 1102 1902 vel
1144 1860 1186 1900 in
1233 1860 1414 1913 inferno,
1461 1869 1502 1900 et
1541 1858 1758 1899 dimittere

436 1932 598 1972 homini
647 1942 868 1985 peccatum
914 1932 1003 1972 sine
1048 1931 1130 1972 hoc
1171 1930 1288 1986 quod
1329 1931 1513 1970 voluerit
1566 1929 1758 1970 converti

437 2003 487 2042 ad
535 2002 777 2054 dominum,
824 2002 912 2041 sine
960 2015 1105 2042 amore
1141 2001 1335 2041 faciendo
1382 2002 1523 2054 ipsum
1571 2001 1759 2051 beatum,

437 2086 533 2112 cum
565 2072 677 2112 nulla
708 2085 817 2126 pena
842 2072 1128 2112 essencialiter
1153 2079 1490 2126 consequeretur
1507 2079 1757 2124 peccatum;
1776 2078 1816 2110 25

437 2144 508 2184 sed
535 2143 644 2182 foret
669 2151 836 2183 tantum
862 2156 937 2196 per
960 2142 1155 2182 accidens
1180 2142 1403 2182 arbitraria
1435 2140 1578 2196 quoad
1606 2140 1756 2179 Deum.

439 2214 558 2253 Sicut
599 2226 699 2266 ergo
739 2226 848 2265 pena
883 2213 1123 2252 essencialis
1157 2221 1219 2252 est
1252 2225 1326 2265 per
1361 2225 1403 2251 se
1437 2211 1562 2262 iusta,
1599 2211 1657 2250 sic
1697 2219 1759 2250 est

438 2292 554 2323 tanta
589 2283 754 2323 iusticia
778 2283 819 2322 in
844 2297 952 2336 pena
985 2282 1250 2335 accidentali,
1287 2283 1359 2321 sed
1393 2282 1594 2322 meritum
1629 2281 1760 2320 eccle-

438 2354 496 2394 sie
546 2353 644 2394 facit
691 2366 780 2393 esse
825 2353 940 2393 aliud
989 2362 1213 2407 peccatum
1248 2352 1378 2392 totale
1424 2352 1464 2390 in
1505 2350 1759 2405 purgatorio

439 2438 567 2478 quam
603 2425 712 2465 foret
745 2424 897 2464 merito
932 2425 1003 2464 illo
1037 2424 1227 2464 dimisso.
1778 2428 1819 2460 30

148 2505 425 2573 Σιᾶςῗῐκῖιΐιὲῗῃξιΐῗείἓιέ
498 2495 679 2535 Videtur
719 2495 850 2534 tercio
891 2495 1006 2547 quod
1048 2494 1157 2534 sicut
1191 2494 1302 2533 beati
1337 2494 1376 2532 in
1412 2492 1502 2531 celo
1542 2501 1760 2531 merentur

148 2576 336 2604 themselves
364 2576 425 2603 and
442 2564 520 2604 sibi
567 2566 769 2605 continue
811 2578 946 2618 usque
981 2565 1032 2604 ad
1067 2564 1178 2604 diem
1223 2563 1368 2603 iudicii
1402 2560 1614 2615 premium
1653 2560 1758 2600 acci-

229 2611 344 2642 omers'
441 2635 624 2686 dentale,
678 2635 769 2674 aliis
823 2644 968 2675 autem
1024 2644 1273 2687 utrumque,
1327 2632 1399 2673 sed
1446 2631 1673 2671 existentes
1718 2629 1759 2669 in

494 2793 513 2813 1.
534 2785 562 2812 A
578 2784 606 2812 in
623 2792 737 2818 marga
759 2783 940 2811 Conclusio.
1051 2782 1091 2810 18.
1112 2783 1140 2810 Α
1156 2782 1185 2809 in
1202 2790 1316 2816 marga
1341 2779 1523 2809 Conclusio.
1631 2785 1672 2806 21.
1694 2778 1715 2805 Β
1730 2778 1759 2806 in

441 2839 561 2866 marg.:
593 2832 731 2866 Apparet
761 2829 845 2866 quod
876 2834 957 2857 tenet
987 2830 1233 2865 predestinatum
1265 2836 1356 2863 posse
1386 2827 1536 2854 decedere
1563 2826 1591 2852 in
1622 2829 1760 2860 peccato.

440 2877 482 2904 23.
505 2877 525 2904 Β
547 2877 577 2904 in
599 2885 714 2911 marg.:
737 2877 839 2911 Quum
863 2882 950 2903 vocat
979 2884 1090 2910 penam
1113 2874 1313 2903 essenciiilern
1343 2880 1369 2901 ct
1391 2881 1484 2909 quam
1509 2871 1756 2900 accidentalem?

439 2926 476 2952 31.
499 2926 526 2952 A
547 2924 577 2952 in
599 2932 716 2959 marga
739 2923 922 2952 Conclusio.
