2045 3312
266 247 355 275 CAP-
376 247 440 275 XH-
776 246 834 278 DE
862 245 1098 278 ECCLESIA.
1795 232 1869 270 251

111 368 145 401 A
173 367 249 409 164¹·
323 356 404 395 Sed
427 355 527 395 tales
550 353 810 394 attenderent
834 352 886 390 ad
905 350 1064 390 scolam
1094 358 1133 390 et
1157 350 1338 389 fructum
1365 350 1583 391 mendacii,
1602 356 1780 406 [³311se1390a
1810 364 1881 405 ¹7¹&

265 426 375 465 Nam
408 425 556 476 XXHa,
589 438 629 477 q.
665 421 826 472 ultima,
869 434 916 460 ex
949 420 1196 460 auctoritate
1230 420 1336 460 beati
1369 420 1586 459 Ambrosii
1619 397 1864 455 bgilsiiitwiiirsilit

266 496 323 536 sic
357 496 555 545 hahetur:
581 494 734 533 Cavete
757 491 935 545 fratres
968 491 1260 542 mendacium,
1295 491 1398 544 quia
1440 504 1589 531 omnes

266 569 340 622 qui
371 569 511 620 ipsum
548 571 698 604 amant
716 563 810 617 filii
841 561 1005 602 diaboli
1048 568 1163 604 sunt.
1228 561 1317 601 Nec
1360 561 1500 602 solum
1547 562 1589 601 in

233 638 394 693 §falsis
428 635 568 677 verbis
598 633 674 674 sed
704 633 839 673 eciam
873 633 915 672 in
940 632 1157 672 simulatis
1190 632 1393 684 operibus
1416 630 1590 671 menda-

266 709 380 748 cium
425 711 501 746 est.
554 702 835 744 Mendacium
880 703 1038 755 quippe
1083 708 1145 742 est
1195 702 1478 742 christianum
1546 715 1590 743 se

267 779 411 819 dicere
443 784 482 816 et
512 787 644 828 opera
684 773 844 813 Christi
877 786 961 812 non
983 772 1156 826 facere.
1210 771 1489 812 Mendacium
1530 778 1591 812 est

267 849 530 901 episcopum,
575 844 842 887 sacerdotem
885 843 953 884 vel
982 843 1189 883 clericum
1222 855 1266 882 se
1307 842 1510 896 profiteri
1552 849 1592 883 et

267 919 492 959 contraria
525 918 623 958 huic
654 915 801 956 ordini
832 915 1024 967 operari.
1059 913 1112 953 Et
1143 912 1246 952 tales
1278 912 1389 966 leges
1422 912 1592 953 ecclesie

213 1007 251 1030 10
268 987 468 1043 predicari
491 988 746 1028 debenttam
770 984 927 1026 clericis
949 983 1179 1024 maioribus
1195 997 1326 1036 quam
1341 982 1590 1031 minoribus,

269 1073 366 1100 cum
399 1059 482 1098 sint
516 1058 715 1111 precipua
747 1056 811 1095 lex
845 1068 1007 1105 eorum,
1041 1067 1118 1094 nec
1152 1067 1239 1093 non
1270 1062 1309 1093 et
1331 1053 1459 1105 laicis,
1493 1066 1591 1093 cum

270 1140 387 1184 pater
425 1127 633 1168 mendacii
680 1140 778 1166 cum
818 1125 902 1165 suis
942 1123 1140 1178 sophistis
1178 1122 1321 1163 infecit
1360 1123 1591 1163 mendaciis

270 1213 468 1253 magnam
513 1207 674 1252 partem
715 1205 861 1236 vocate
909 1194 1093 1235 ecclesie.
1148 1195 1257 1234 Nam
1297 1194 1591 1247 pretendentes

271 1284 314 1310 se
347 1283 434 1309 esse
468 1269 702 1309 sacerdotes
735 1267 801 1307 vel
840 1266 1012 1306 clericos
1044 1275 1084 1305 et
1124 1278 1210 1304 non
1245 1263 1442 1304 facientes
1475 1264 1592 1317 quod
1607 1267 1886 1331 fhssoffirlwssffiffssy.

219 1350 252 1381 15
271 1339 477 1380 incumbit
499 1339 557 1378 illi
576 1338 730 1389 officio,
754 1337 858 1377 falso
884 1335 1072 1386 nomine,
1096 1334 1317 1374 mendacio
1341 1343 1380 1374 et
1410 1333 1592 1388 ypocrisi
1627 1312 1884 1389 shguldilixiefibub

271 1409 486 1463 decipiunt
510 1409 678 1462 plebem
700 1407 792 1447 Dei.
809 1408 974 1446 Debent
993 1405 1107 1445 enim
1123 1404 1443 1458 exproprIetarie
1458 1403 1593 1443 vivere
1676 1378 1820 1409 povcrty,

271 1490 491 1533 tamquam
535 1478 716 1518 humiles
758 1486 797 1517 et
835 1476 957 1517 utiles
1009 1485 1303 1529 procuratores
1342 1487 1594 1528 pauperum,

271 1563 457 1604 quorum
491 1549 603 1588 bona
636 1547 894 1588 custodiunt.
929 1546 1053 1587 Unde
1086 1546 1231 1585 beatus
1264 1544 1484 1596 Ysidorus,
1515 1543 1593 1583 Ill0

271 1621 392 1673 libro,
432 1621 493 1659 De
525 1619 705 1659 Summo
738 1618 859 1657 Bono
905 1631 937 1657 c.
983 1616 1139 1656 XLIIO:
1173 1615 1409 1669 Agnoscat,
1444 1615 1595 1669 inquit,

215 1711 256 1732 20
273 1693 501 1743 episcopus
513 1703 689 1729 servum
714 1701 760 1728 se
777 1701 868 1728 esse
883 1686 1042 1739 plebis,
1068 1699 1152 1726 non
1168 1685 1405 1725 dominum.
1438 1684 1594 1725 Verum

272 1762 351 1800 lzoc
385 1761 564 1812 caritas,
604 1772 687 1799 non
731 1757 923 1798 condicio
962 1757 1112 1811 exigit.
1137 1756 1190 1795 Et
1218 1756 1348 1807 XVIa,
1382 1770 1420 1809 q.
1456 1756 1483 1808 l,
1517 1756 1594 1795 sub

272 1830 517 1870 auctoritate
561 1829 775 1882 Jeronymi
820 1828 1002 1867 Damaso
1064 1840 1171 1880 pape
1233 1826 1426 1866 scribitur
1479 1827 1594 1879 quod

1651 1747 1710 1774 and
1735 1747 1758 1773 if
1775 1746 1847 1781 they

1633 1782 1724 1809 claim
1747 1783 1868 1808 secular

1653 1818 1717 1844 rulo
1739 1816 1759 1843 it
1781 1816 1805 1843 is
1825 1825 1843 1843 a

1626 1852 1760 1879 liorrible
1782 1851 1873 1879 salse-

272 1901 479 1955 quicquid
522 1901 677 1940 habent
721 1899 868 1939 clerici
903 1910 1157 1951 pauperum
1217 1903 1291 1938 est.
1344 1896 1593 1936 Pretendere
1703 1887 1796 1914 ¹¹⁰⁰d‘

274 1985 371 2025 ergo
405 1970 750 2010 dominacionem
783 1969 1013 2008 secularem
1046 1967 1178 2007 eciam
1211 1967 1306 2020 plus
1338 1980 1468 2020 quam
1501 1966 1592 2006 laici

220 2050 257 2082 25
277 2055 400 2095 super
449 2051 536 2081 tam
582 2040 727 2081 alienis
771 2040 891 2079 bonis
938 2053 1175 2092 pauperum
1230 2048 1289 2078 est
1335 2038 1597 2076 horrendum

276 2111 563 2153 mendacium.
627 2111 725 2150 Non
777 2123 876 2162 ergo
932 2109 1054 2148 debet
1102 2107 1236 2147 fidelis
1286 2116 1457 2160 propter
1500 2106 1597 2146 talia

276 2182 492 2222 mendacia
530 2195 616 2221 non
656 2180 868 2234 predicare
907 2179 1069 2233 populo
1109 2178 1346 2232 periculum
1385 2192 1432 2217 ex
1472 2176 1595 2217 decli-

330 2366 348 2384 1.
370 2359 398 2384 A
420 2358 449 2384 in
471 2364 586 2391 marga
617 2354 803 2390 Responsio.
834 2353 934 2381 Malus
955 2354 1136 2389 episcopus,
1168 2352 1314 2380 sacerdos
1335 2351 1381 2378 vel
1404 2351 1513 2379 elesius
1535 2359 1596 2378 non

276 2410 321 2432 est
341 2403 409 2431 talis
447 2403 569 2438 (Above
592 2402 676 2438 164⁸,
699 2401 827 2428 without
848 2401 935 2428 mark
955 2400 990 2428 of
1010 2400 1191 2433 reference).
1337 2399 1361 2427 ’3’.
1382 2400 1410 2426 Α
1430 2399 1459 2426 in
1481 2406 1598 2432 marg.2

277 2451 391 2478 Contra
411 2450 619 2477 mendacium.
763 2457 792 2483 ς).
813 2449 857 2476 A:
886 2448 968 2482 leges
991 2447 1083 2474 deest.
1106 2447 1127 2473 Β
1149 2446 1179 2474 in
1200 2455 1314 2481 marg:
1351 2446 1412 2473 Lex
1433 2453 1599 2481 pungnans

275 2498 343 2532 (sic)
365 2502 473 2524 contra
494 2497 660 2524 mendaces
675 2504 769 2531 opere
791 2495 835 2522 vel
851 2502 1008 2522 sermone.
1032 2493 1229 2521 Mendacium
1246 2493 1368 2529 duplex.
1514 2491 1555 2518 18.
1572 2493 1599 2518 A

276 2552 305 2572 1n
327 2552 441 2578 marg:
471 2543 630 2570 Ysidorus.
758 2550 792 2569 21⁴
827 2543 855 2569 A
877 2541 906 2568 in
928 2549 1040 2575 marg:
1072 2540 1270 2577 Jcronymus.
1380 2547 1418 2566 21.
1443 2538 1476 2566 In
1505 2538 1597 2565 codd.

277 2591 372 2618 salse:
394 2589 476 2626 XVI,
499 2598 526 2625 q.
552 2590 588 2616 ll.

339 2721 367 2742 2.
395 2711 477 2743 Dec.
505 2710 532 2742 Il
570 2720 660 2753 pars,
700 2719 804 2741 causa
833 2709 937 2748 XXII,
974 2719 1007 2750 q.
1044 2708 1083 2747 V⁷
1111 2719 1136 2738 c.
1166 2707 1238 2738 XX.
1387 2705 1436 2737 18.
1476 2705 1597 2737 Isidori

278 2769 328 2800 De
356 2768 502 2800 Summo
537 2769 637 2800 Bono
676 2767 734 2800 lib.
762 2768 817 2806 ΙΙΙ,
860 2777 936 2809 cap.
974 2767 1081 2798 XLII:
1120 2767 1298 2808 Agnoscat
1335 2764 1522 2807 episcopus
1562 2773 1598 2794 se

277 2836 354 2857 esse
381 2837 616 2858 conservum.
639 2851 670 2858 ..
821 2825 872 2857 23.
902 2825 983 2857 Dec.
1015 2825 1041 2856 ΙΙ
1073 2835 1164 2867 pars.
1200 2833 1303 2856 causa
1341 2823 1428 2862 XVI,
1456 2833 1489 2864 q.
1517 2823 1541 2861 Ι,
1568 2832 1596 2852 c.

278 2885 432 2916 LXVIII.
