2045 3312
154 260 239 311 498
886 272 1110 306 JOHANNJS
1138 272 1335 305 wYcL1F.
1559 259 1666 319 [CAP.
1688 271 1771 300 xxr.

446 377 650 429 dampnat
683 391 794 427 eum,
841 377 1006 417 videtur
1054 379 1171 431 quod
1214 378 1345 432 pletas
1378 379 1452 418 Dei
1499 393 1541 418 se
1587 380 1923 435 extendit197¹·F

444 448 495 486 ad
551 448 881 500 dampnabilem.
944 449 1110 497 Quarto
1164 463 1238 502 per
1287 448 1369 489 hoc
1423 450 1538 503 quod
1591 462 1811 503 peccans4

445 516 621 557 offendit
652 517 694 556 in
728 516 943 558 infinitum
982 518 1158 570 bonum,
1204 532 1304 571 ergo
1342 527 1526 559 meretur
1557 518 1770 560 infinitam

444 601 612 641 penam,
654 601 784 642 quam
818 602 913 628 cum
950 588 1064 628 Deus
1097 602 1185 628 non
1218 588 1382 642 infligit,
1428 590 1618 644 sequitur
1650 592 1769 644 quod

444 658 557 699 Deus
591 658 916 699 misericorditer
948 659 1074 712 punit
1106 660 1339 713 quemlibet
1370 670 1650 713 peccatorem.
1687 661 1802 703 Sed5

175 733 276 761 God's
298 741 403 772 mercy
443 729 594 768 doctor
626 730 856 782 respondet
888 731 1160 770 concedendo
1194 740 1478 784 consequens:
1513 730 1799 779 Dicendum,1

210 769 313 796 works
343 777 372 795 iu

181 804 395 873 ssffllffiuiieessl
441 798 591 852 inquit⁷
637 799 751 853 quod
782 800 998 853 mitigacio
1024 814 1137 852 pene
1175 800 1508 853 dampnatorum
1542 800 1769 853 dupliciter

150 874 575 937 ”fitaif'{e¹f(}³a⁶s¹ff}¹f}⁷0te⁸t
606 871 802 924 intelligi,
835 877 912 910 aut
942 877 1148 924 quantum
1183 871 1240 910 ad
1261 872 1529 910 taxacionenz
1564 879 1602 911 et
1633 872 1766 924 inflic-

439 939 599 979 cionem
633 951 768 993 pene,·
811 948 850 980 et
890 941 952 981 sic
999 941 1168 981 indubie
1211 948 1273 981 est
1309 955 1421 994 pene
1461 942 1679 995 nzitigacio
1725 943 1766 981 in

440 1010 482 1048 in
508 1023 626 1060 erno,
673 1011 772 1064 quia
821 1012 897 1050 illa
947 1011 1163 1065 mitigacz'o
1210 1024 1291 1051 non
1341 1018 1403 1051 est
1442 1013 1524 1051 nisi
1567 1012 1678 1052 mitis
1730 1019 1825 1056 et10

438 1080 683 1120 misericors
700 1088 911 1134 perpetue
925 1094 1039 1134 pene
1061 1081 1300 1134 deputacio.
1332 1081 1414 1121 Sed
1434 1081 1621 1122 secundo
1644 1082 1766 1122 modo
1781 1095 1805 1127 2

430 1158 573 1203 potest
618 1152 802 1205 intelligi
853 1152 1070 1205 mitigacio
1114 1158 1216 1204 post
1252 1166 1364 1205 pene
1414 1153 1681 1192 taxacionem
1730 1160 1767 1193 et

437 1221 730 1273 infliccionem,
754 1229 793 1262 et
814 1223 891 1262 lzoc
914 1222 1035 1261 modo
1060 1223 1179 1262 nulla
1203 1222 1315 1262 cadit
1337 1223 1553 1276 nzitz'gacio
1575 1237 1601 1262 α
1624 1223 1765 1263 divina

438 1291 745 1334 misericordia.
770 1293 823 1332 Et
844 1306 949 1346 rogo
974 1293 1133 1333 scolam
1156 1292 1182 1320 ᾧ
1203 1292 1270 1332 hic
1302 1292 1522 1347 vigilanter
1550 1294 1763 1333 attendere
1785 1304 1864 1350 197⁸

437 1362 468 1401 si
503 1376 589 1402 non
623 1362 675 1403 sit
709 1362 860 1403 fictum
893 1362 1166 1403 mendacium
1195 1363 1447 1403 adducendo
1471 1363 1764 1404 testimonium
1784 1376 1820 1408 15

437 1432 564 1473 huius
604 1433 789 1473 doctoris
834 1433 875 1472 in
917 1433 1074 1487 aliquo,
1120 1446 1218 1473 cum
1265 1442 1353 1473 tam
1396 1433 1617 1473 manifeste
1662 1448 1760 1474 con-

436 1504 629 1544 trariatur
660 1503 814 1544 dicenti
848 1504 966 1557 quod
999 1503 1172 1544 ecclesia
1205 1503 1328 1544 debet
1360 1517 1477 1543 orare
1509 1517 1587 1557 pro
1611 1504 1759 1557 damp-

438 1574 545 1614 natis
577 1574 621 1614 in
654 1574 830 1626 inferno,
866 1584 912 1615 ut
944 1588 1053 1627 pena
1087 1588 1238 1614 eorum
1270 1573 1342 1614 fiat
1375 1574 1602 1614 remissior.
1638 1575 1761 1615 Unde

174 1645 219 1675 St.
242 1646 385 1675 Thomas
437 1653 604 1685 sanctus
639 1645 830 1685 Thomas
865 1643 954 1700 (ubi
988 1643 1133 1698 supra)
1174 1644 1388 1684 recitando
1422 1653 1502 1684 tres
1535 1645 1759 1698 opiniones

174 1682 240 1710 also
262 1683 402 1710 declares

178 1718 229 1744 ¹¹¹²
250 1717 385 1745 damned
437 1729 630 1755 erroneas
670 1714 853 1768 imponit
890 1715 1063 1754 terciam
1100 1714 1414 1754 Altissidorensi
1449 1715 1602 1754 dicenti
1645 1716 1820 1768 quod20

168 1757 199 1780 to
215 1753 402 1815 ggrbfflond
437 1786 652 1840 dampnati
707 1800 793 1826 non
848 1785 1130 1839 suffragantur
1181 1799 1255 1838 per
1306 1784 1643 1825 diminucionem
1696 1786 1759 1825 vel

438 1856 794 1909 interrupcionem
821 1870 942 1909 pene,
967 1856 1037 1895 sed
1067 1869 1141 1907 per
1162 1854 1527 1894 confortacionem
1542 1855 1758 1908 pacientis,

436 1928 543 1967 sicut
575 1927 607 1966 si
640 1927 773 1966 homo
808 1934 994 1980 portaret
1025 1939 1150 1978 grave
1183 1939 1291 1965 onus
1326 1934 1364 1964 et
1404 1924 1527 1964 facies
1560 1939 1635 1964 sua
1668 1939 1758 1978 per-

438 1999 681 2038 funderetur
725 2011 847 2051 aqua,
897 1995 1217 2046 confortaretur,
1263 1996 1359 2035 licet
1404 2009 1512 2034 onus
1558 1995 1601 2034 in
1641 1995 1758 2035 nullo

435 2069 485 2108 sit
509 2068 652 2108 levius.
677 2068 769 2117 Est,
794 2066 931 2121 inquit
953 2075 1134 2117 sanctus,
1153 2065 1346 2118 predicta
1370 2065 1510 2118 opinio
1526 2079 1755 2118 presump-
1778 2077 1818 2109 25

434 2146 570 2183 tuos-a,
606 2145 799 2191 utputa,
837 2145 1086 2177 sanctorum
1131 2136 1249 2175 dictis
1288 2136 1506 2175 contraria
1552 2143 1589 2175 et
1634 2149 1758 2181 uana,

435 2210 554 2248 nulla
588 2209 841 2248 alletorilate
858 2208 1022 2261 fulcita
1057 2213 1095 2246 et
1129 2206 1403 2245 nihilominus
1427 2206 1754 2249 irracionabilis,

432 2280 530 2332 quia
555 2279 775 2331 (lamptani
797 2279 837 2317 in
862 2278 1031 2331 inferno
1054 2284 1153 2316 sum
1169 2284 1291 2316 extra
1309 2277 1523 2315 uinculum
1547 2276 1753 2321 caritatis,

432 2349 664 2388 secundum
688 2362 815 2402 quam
832 2362 962 2401 opera
986 2348 1176 2387 rivorum
1200 2347 1506 2386 continuantur
1528 2346 1751 2400 defunctis.

497 2420 546 2458 lit
592 2428 689 2471 post
723 2419 949 2471 respondet
983 2419 1031 2456 ad
1067 2417 1318 2470 quintuplex
1351 2426 1646 2470 argumentum
1684 2428 1805 2469 perG

434 2490 548 2542 quod
603 2489 849 2541 probaretur
901 2487 994 2527 ficta
1047 2487 1273 2535 sentencia,
1320 2496 1359 2525 et
1404 2495 1517 2539 patet
1569 2487 1752 2539 primum

433 2569 725 2599 commentum
761 2558 965 2597 mendacii
1001 2567 1038 2597 et
1073 2557 1357 2610 repugnancia
1390 2557 1560 2596 testium
1594 2558 1751 2596 adduc-

485 2719 514 2743 4.
536 2709 575 2737 13:
599 2709 735 2744 sequitur
753 2708 844 2735 Deus.
990 2707 1013 2734 5.
1038 2708 1062 2733 Λ
1086 2706 1106 2733 Β
1129 2707 1156 2733 in
1180 2713 1292 2741 marg:
1320 2705 1478 2740 Miligacio
1501 2712 1579 2739 pene
1601 2705 1752 2739 dampua-

432 2761 533 2783 torum
556 2756 720 2790 dupliciter
740 2755 900 2790 accipitur.
1045 2762 1070 2787 7.
1094 2755 1118 2780 Α
1142 2754 1170 2780 iu
1194 2760 1307 2786 marg:
1328 2751 1513 2787 Responsio.
1650 2758 1695 2777 20.
1718 2751 1750 2777 Iu

431 2803 539 2830 codd:
562 2801 832 2830 Altissiodoreusi.

502 2920 531 2951 s).
563 2922 805 2951 ssonaventura
833 2920 852 2949 l.
882 2929 908 2949 c.
935 2929 1012 2961 pag.
1046 2928 1144 2958 1021,
1177 2928 1273 2949 1022.
