2045 3312
296 243 499 302 CAP.X1X.]
795 254 854 285 DF,
882 252 1117 285 ECCLESIA.
1824 240 1905 291 46>

143 374 181 407 R
207 377 282 417 192⁰
298 376 446 416 ymmo
480 360 704 401 affeccione
744 359 961 399 commodi
995 359 1074 399 hoc
1107 358 1270 397 censuit
1308 357 1393 396 fore
1426 357 1613 406 lucrum;

297 441 409 484 patet
452 435 545 471 Act.
592 430 722 471 V1110.
774 429 911 468 Multo
964 428 1097 480 magis
1143 427 1276 466 fidelis
1324 426 1456 465 sciens
1501 427 1617 479 quod

297 510 480 554 potestas
504 499 678 540 faciendi
702 499 902 538 miracula
931 498 1026 551 plus
1050 496 1358 537 lucrefaciendo
1382 495 1618 548 pacificaret

298 572 515 611 ecclesiam
560 584 689 623 quam
735 569 919 622 quelibet
959 567 1107 607 divicie
1151 566 1418 620 temporales.
1475 568 1526 606 Et
1571 581 1616 606 ex

264 653 280 685 5
299 642 385 682 istis
408 650 520 694 patet
543 640 670 680 tercio
695 640 810 693 quod
835 638 1046 678 seminans
1070 638 1173 677 illud
1207 638 1364 691 dogma
1388 637 1429 676 in
1454 637 1618 690 populo
1637 645 1911 697 xvh-osefeaching

298 726 383 751 non
409 712 515 751 foret
537 720 583 750 ut
606 710 662 750 sic
686 709 798 749 utilis
814 718 1063 762 procurator
1083 709 1149 747 vel
1171 708 1360 747 minister
1383 720 1621 760 pauperum
1646 682 1900 776 κῙκ-(Ῑηῒιὴιιΐὲςεριέἶςῗ(13ηλ

296 783 368 821 sed
401 781 540 835 egenis
574 780 728 821 Christi
762 794 809 819 ex
843 780 1033 819 doctrina
1066 779 1142 818 sibi
1177 778 1383 818 contraria
1416 752 1910 816 subdolusanmompom'

297 852 506 891 inimicus.
541 852 651 890 Nam
683 850 819 904 gracia
853 859 891 889 et
925 849 1071 889 caritas
1096 858 1193 889 sunt
1215 848 1414 901 precipua
1436 856 1619 900 potestas

300 921 475 961 faciendi
511 919 726 973 miracula,
761 920 859 974 quia
893 920 961 959 illa
994 929 1092 960 sunt
1124 933 1196 972 per
1229 933 1270 958 se
1299 919 1409 957 bona
1442 931 1515 971 per
1538 931 1619 970 que

246 1015 284 1035 10
303 992 478 1031 docetur
510 992 642 1031 homo
665 992 874 1031 mundum
902 999 940 1029 et
963 999 1131 1043 peccata
1164 989 1397 1041 relinquere
1422 997 1460 1027 et
1485 989 1619 1027 Deum

301 1062 488 1115 diligere;
521 1063 637 1115 quod
661 1071 721 1101 est
745 1075 853 1114 opus
876 1059 1275 1100 excellentissimum
1303 1059 1488 1098 viatoris.
1526 1058 1620 1097 Ideo

299 1133 330 1171 si
355 1133 455 1172 illud
480 1132 667 1185 porisma
689 1146 761 1185 per
783 1131 1043 1184 impossibile
1074 1131 1177 1170 soret
1207 1143 1368 1179 verum,
1394 1138 1492 1168 tunc
1517 1128 1622 1168 sicut

301 1218 428 1242 nemo
445 1212 609 1243 tenetur
623 1203 800 1242 alienare
815 1217 838 1241 a
852 1216 894 1241 se
910 1201 1123 1241 caritatem
1134 1201 1196 1240 vel
1207 1200 1397 1253 spiritum
1417 1208 1622 1249 sanctum,

302 1274 358 1313 sic
404 1287 530 1313 nemo
571 1282 780 1313 teneretur
812 1272 1064 1325 temporalia
1108 1270 1362 1324 pauperibus
1402 1269 1620 1322 impertiri.

257 1356 285 1387 S
364 1344 573 1397 Suppono
606 1352 747 1383 autem
781 1344 830 1382 de
863 1343 997 1396 logica
1021 1342 1138 1395 quod
1171 1341 1277 1380 sicut
1310 1339 1544 1387 confundit,
1578 1349 1624 1379 ut

303 1414 333 1452 si
358 1414 605 1466 temporalia
637 1413 719 1452 sint
751 1422 833 1453 tani
871 1412 1099 1452 necessaria
1129 1411 1236 1450 sicut
1268 1411 1408 1463 aliqua
1440 1419 1624 1463 potestas

304 1484 479 1524 faciendi
544 1484 758 1535 miracula,
820 1492 921 1522 tunc
985 1482 1100 1521 nulla
1161 1481 1253 1520 talis
1316 1489 1501 1534 potestas
1564 1489 1625 1520 est

302 1554 572 1603 necessarior3
607 1554 723 1606 quod
756 1562 815 1592 est
847 1552 999 1592 falsum
1033 1552 1083 1591 de
1115 1560 1321 1604 potestate
1360 1564 1486 1604 quam
1532 1550 1623 1589 Joh.

301 1625 349 1675 10,
391 1637 434 1662 12
470 1624 684 1677 exprimit:
727 1623 855 1663 Dedit
894 1623 951 1662 eis
977 1628 1231 1675 potestatem
1249 1622 1372 1675 filios
1406 1621 1489 1660 Dei
1504 1621 1622 1674 fieri.

244 1716 285 1737 20
301 1694 372 1732 Illa
406 1694 520 1733 enim
552 1703 612 1733 est
638 1693 852 1733 infinitum
878 1693 1026 1732 melior
1059 1706 1188 1745 quam
1212 1691 1423 1745 possessio
1457 1700 1623 1744 tempo-

301 1764 408 1813 ralis,
465 1778 563 1803 nam
614 1778 662 1803 ex
717 1764 787 1803 illa
839 1772 1046 1816 potestate
1102 1763 1254 1816 legitur
1309 1761 1623 1814 Evangelistam

300 1845 486 1874 mutasse
519 1835 730 1874 silvestres
760 1835 928 1873 frondes
961 1834 1002 1872 in
1037 1847 1188 1873 aurum
1222 1842 1260 1872 et
1292 1832 1430 1872 litoria
1464 1846 1560 1870 saxa
1583 1831 1625 1869 in

301 1919 503 1958 gemmas
538 1905 599 1943 Ex
622 1918 708 1958 quo
733 1913 847 1957 patet
869 1905 984 1957 quod
1008 1904 1075 1943 illa
1099 1912 1284 1957 potestas
1310 1902 1388 1942 fuit
1411 1901 1624 1941 infinitum

301 1975 479 2014 validior
502 1988 630 2027 quam
661 1974 730 2014 illa
752 1974 962 2028 possessio
996 1983 1035 2013 et
1064 1974 1159 2027 plus
1188 1973 1282 2012 fecit
1311 1974 1362 2012 ad
1386 1972 1625 2026 profectum

246 2055 284 2087 25
305 2045 486 2085 ecclesie.
540 2044 667 2084 Aliter
717 2045 830 2084 enim
883 2044 1074 2084 Christus
1132 2042 1346 2083 infinitum
1406 2042 1627 2096 potencior

305 2129 454 2167 cesare,
470 2115 627 2154 babens
651 2115 882 2168 discipulos
903 2114 1201 2167 prudenciores
1224 2114 1276 2153 ad
1300 2113 1627 2153 ministrandum

305 2186 417 2225 bona
450 2186 631 2237 fortune,
666 2185 773 2226 foret
806 2185 1046 2225 notabiliter
1076 2184 1357 2238 increpandus
1390 2184 1507 2237 quod
1540 2196 1626 2222 non

305 2256 490 2296 dotasset
524 2256 742 2296 ecclesiam
765 2257 861 2309 plus
885 2269 1015 2309 quam
1038 2268 1163 2295 cesar.
1199 2256 1292 2294 Hoc
1326 2254 1439 2294 enin]
1457 2262 1628 2306 propter

306 2326 513 2366 minorem
548 2327 697 2366 mundi
730 2326 953 2366 avariciam
983 2325 1129 2366 fuisset
1152 2335 1252 2365 tunc
1286 2324 1450 2375 melius,
1485 2333 1524 2363 et
1555 2336 1629 2376 per

246 2407 289 2439 30
305 2409 567 2450 consequens
601 2410 648 2435 ex
680 2396 799 2436 dictis
828 2405 916 2436 tam
945 2397 1108 2435 bonurn
1141 2395 1247 2435 sicut
1279 2403 1465 2448 potestas
1498 2407 1629 2447 quam

307 2465 498 2506 Christus
529 2467 688 2508 habuit.

364 2536 489 2576 Sexto
521 2536 686 2577 videtur
719 2538 835 2591 quod
858 2537 1000 2577 nullus
1023 2536 1197 2576 clericus
1224 2535 1497 2575 contenderet
1521 2534 1628 2574 circa

306 2606 588 2647 maioritatem
622 2608 685 2648 sui
725 2609 776 2648 ad
810 2608 1000 2647 subditos
1035 2607 1078 2646 in
1110 2605 1387 2646 ecclesiastica
1415 2603 1627 2655 ierarchia,

357 2767 387 2792 4.
409 2759 436 2786 A
457 2759 488 2786 in
508 2766 623 2792 marga
648 2757 827 2785 Conclusio.
972 2757 1000 2784 6.
1022 2755 1060 2783 B:
1084 2755 1168 2783 utilis
1189 2758 1380 2790 procreator.
1525 2760 1567 2787 ¹4·
1584 2753 1628 2779 A:

306 2805 384 2832 sicut
416 2812 519 2833 nemo,
686 2812 732 2838 24.
767 2803 805 2830 B:
839 2803 946 2830 valior.
1120 2801 1162 2829 32.
1199 2802 1291 2830 Sexta
1324 2800 1495 2828 conclusio.
1517 2799 1630 2826 Nullus

307 2851 436 2879 clericus
470 2851 559 2879 debet
591 2852 779 2878 contendere
812 2858 868 2885 pro
902 2850 1074 2877 maim-itate
1107 2850 1145 2876 ad
1178 2848 1323 2876 subditos
1359 2848 1390 2874 in
1424 2846 1630 2874 ecclesiastica

307 2898 465 2926 ierarchia.
