2045 3312
353 299 441 329 CAP.
464 287 578 347 xva]
855 303 915 335 DE
942 302 1178 335 ECCLESIA.
1879 305 1928 343 41
1947 307 1957 332 1

204 409 420 454 P185dalii
466 408 608 449 fideles
653 418 769 449 erant
813 409 864 448 de
909 409 1092 461 ecclesia,
1140 417 1369 463 antequam
1408 408 1510 449 fides
1543 409 1675 451 suita

354 480 504 520 sanctis
537 480 725 533 patribus
756 479 799 519 in
833 479 1020 519 conciliis
1062 479 1323 533 generalibus
1357 479 1576 520 declarata.
1624 482 1675 522 Et

354 564 554 604 suppono
606 550 836 603 quamlibet
888 549 1063 589 istarum
1104 549 1434 603 responsionum
1476 550 1672 600 validam,

354 634 451 661 cum
484 621 600 660 aliter
632 620 758 660 nimis
781 619 990 673 superflue
1014 620 1297 673 globarentur.
1334 620 1474 659 Prima
1496 634 1672 673 respon·
1690 627 1754 655 that
1774 627 1859 655 there
1883 636 1965 655 were

321 691 416 733 5sio
440 700 479 731 et
511 691 746 731 secundum
779 699 941 743 partem
971 690 1273 730 validissimam
1296 690 1394 730 dicit
1429 691 1545 744 quod
1579 700 1674 730 ante
1690 663 1967 726 ffssfffissssgfffflssssss

351 770 534 801 mortem
555 760 709 801 Christi
742 760 819 800 fuit
852 760 1042 800 doctrina
1064 759 1160 799 fidei
1190 769 1330 800 nostre
1353 774 1426 814 per
1450 760 1670 801 Christum
1695 732 1953 804 effige‘iiwzdstlzlsth

352 840 391 871 et
422 845 520 871 suos
559 831 775 884 apostolos
820 830 1075 871 sufficienter
1124 830 1338 884 divulgata
1386 840 1425 871 et
1470 831 1675 872 declarata

351 915 424 955 per
456 910 622 942 sanctos
654 911 792 955 patres
826 901 997 955 (supple
1022 915 1095 954 per
1119 901 1337 941 Christum
1367 910 1406 941 et
1437 902 1673 957 apostolos)

351 980 445 1012 ante
476 982 661 1012 mortem
684 972 838 1012 Christi
863 972 904 1011 in
935 972 1121 1012 conciliis
1154 972 1416 1026 generalibus
1447 974 1675 1025 celebratis,

298 1062 337 1084 10
352 1052 391 1082 et
424 1043 540 1096 quod
573 1042 651 1082 ista
682 1042 857 1082 concilia
881 1052 976 1082 ante
1000 1051 1184 1083 mortem
1209 1043 1364 1083 Christi
1398 1043 1538 1083 habita
1569 1044 1677 1085 inter

352 1112 570 1152 Christum
615 1122 655 1153 et
698 1114 920 1166 apostolos
967 1127 1064 1153 cum
1110 1113 1195 1153 suis
1241 1113 1456 1166 discipulis
1502 1115 1552 1153 de
1597 1114 1675 1153 hiis

351 1196 433 1236 que
465 1183 676 1236 pertinent
715 1184 766 1222 ad
804 1182 934 1223 fidem
974 1182 1143 1237 fuerunt
1182 1183 1401 1236 generalia.
1446 1184 1565 1224 Patet
1603 1199 1676 1237 per

350 1253 684 1307 descripcionem
735 1253 900 1293 concilii
954 1253 1160 1306 generalis
1222 1253 1405 1307 positam
1464 1255 1506 1293 in
1558 1256 1676 1309 glosa

349 1324 551 1364 Johannis
583 1325 718 1365 XVIIa
750 1324 843 1364 dist.
875 1339 964 1378 cap.
1005 1324 1247 1377 Generalicz,
1282 1324 1353 1364 ubi
1376 1325 1527 1365 dicitur
1559 1327 1677 1379 quod

297 1394 460 1435 15illud
503 1402 564 1435 est
605 1396 810 1449 generale
857 1396 1082 1435 concilium
1126 1396 1239 1450 quod
1275 1410 1300 1435 a
1332 1410 1450 1449 papa
1490 1397 1555 1436 vel
1586 1397 1676 1436 eius

350 1465 491 1518 legato
524 1472 600 1504 aut
631 1466 768 1505 locum
802 1466 891 1505 eius
925 1473 1087 1506 tenente
1118 1479 1214 1506 czcnz
1247 1466 1442 1506 omnibus
1472 1467 1676 1520 episcopis

349 1535 603 1576 celebratur.
627 1535 739 1576 Cum
762 1549 860 1588 ergo
884 1536 1058 1576 Matthei
1080 1537 1138 1576 XO
1162 1536 1311 1576 dicitur
1340 1538 1455 1590 quod
1485 1536 1676 1578 Christus

349 1605 598 1645 convocavit
631 1606 860 1659 discipulos
893 1620 992 1646 suos
1026 1615 1078 1658 et,
1102 1619 1318 1659 exponens
1348 1607 1405 1646 eis
1430 1605 1571 1659 fidem,
1605 1607 1675 1646 de—

350 1676 409 1715 dit
441 1675 496 1715 eis
520 1676 735 1730 privilegia
757 1685 796 1716 et
818 1676 1072 1730 multiplices
1095 1685 1337 1729 potestates,
1370 1677 1534 1717 videtur
1560 1678 1676 1731 quod

294 1746 438 1798 20ipse
472 1747 691 1786 celebravit
722 1756 823 1786 tunc
856 1746 1084 1786 concilium
1115 1748 1326 1801 generale3
1352 1757 1391 1787 et
1420 1747 1532 1787 idem
1565 1757 1677 1801 patet

354 1816 529 1855 Matthei
582 1816 681 1857 XVO
726 1825 765 1856 et
811 1817 940 1857 Marci
974 1817 1052 1858 V10
1105 1826 1144 1857 et
1197 1831 1293 1870 sepe
1347 1826 1441 1857 ante
1493 1826 1677 1858 mortem

353 1885 521 1937 Christi,
546 1886 616 1926 ubi
639 1887 827 1940 loquitur
850 1887 1078 1940 discipulos
1099 1901 1364 1928 convocasse.
1401 1888 1515 1928 lstud
1534 1897 1674 1928 autern

357 1956 518 1996 dictum
565 1966 625 1996 est
673 1957 716 1995 in
760 1966 878 2010 parte
923 1957 1194 2008 catholicum,
1241 1972 1339 1998 cum
1383 1967 1470 1998 tota
1513 1958 1676 1999 trinitas

352 2035 495 2066 eterno
530 2027 707 2067 consilio
743 2027 924 2068 decrevit
964 2029 1192 2068 decursum
1233 2029 1404 2069 ecclesie
1442 2029 1674 2069 consuluit-

294 2103 431 2150 25que
472 2097 728 2150 patriarchis,
773 2098 989 2151 prophetis
1035 2108 1073 2139 et
1119 2099 1243 2152 capiti
1283 2099 1456 2140 ecclesie
1497 2099 1674 2139 domino

350 2167 444 2206 Jesu
499 2166 682 2217 Christo,
737 2169 970 2208 secundum
1025 2183 1155 2223 quem
1207 2183 1378 2209 cursum
1430 2171 1675 2223 procederet

351 2246 491 2276 sancta
543 2247 677 2278 mater
730 2238 913 2279 ecclesia.
977 2241 1313 2292 Verumptamen
1367 2254 1453 2280 non
1507 2251 1675 2294 oportet

351 2320 500 2348 omnes
525 2309 746 2362 episcopos
777 2310 827 2348 ad
855 2309 935 2349 tale
961 2310 1187 2349 concilium
1211 2311 1466 2364 congregari,
1489 2325 1563 2351 nec
1580 2311 1675 2351 facit

351 2391 423 2430 per
446 2392 487 2417 se
510 2379 739 2419 multitudo
764 2393 1040 2432 personarum
1065 2380 1383 2420 consulencium
1406 2382 1456 2420 ad
1471 2382 1672 2435 generali-

295 2452 478 2487 3otatem
524 2449 702 2501 concilii,
748 2464 845 2489 cum
885 2451 1250 2504 generalissimum
1287 2452 1385 2505 quia
1419 2452 1673 2505 principium

351 2517 548 2558 omnibus
581 2518 669 2558 aliis
703 2520 753 2559 sit
785 2520 1014 2560 concilium
1048 2520 1291 2562 increatum.
1338 2523 1673 2575 Verumptamen

349 2587 391 2626 in
436 2588 621 2627 conciliis
666 2590 958 2642 apostolorum
1006 2600 1044 2630 et
1094 2591 1182 2631 aliis
1236 2592 1420 2631 conciliis
1471 2595 1672 2647 generali—

351 2657 427 2697 bus
461 2659 602 2712 quoad
633 2658 953 2700 multitudinem
994 2660 1294 2715 episcoporum
1339 2672 1524 2717 quatuor
1569 2678 1670 2718 apo-

402 2850 425 2879 5.
449 2854 476 2879 A
497 2853 554 2888 Al:
576 2853 778 2882 validissima.
924 2863 961 2882 12.
990 2857 1018 2884 A
1039 2857 1068 2884 in
1091 2865 1206 2892 marga
1237 2857 1317 2885 Nota
1338 2859 1375 2886 de
1396 2859 1525 2886 concilis
1544 2867 1672 2894 genera-

350 2897 442 2925 libus.
587 2901 626 2927 16.
649 2901 675 2927 A
696 2901 725 2927 in
750 2908 863 2935 marga
889 2901 973 2937 Quid
995 2908 1040 2930 est
1060 2904 1227 2932 concilium
1255 2905 1417 2939 generale?
1459 2905 1478 2932 Β
1500 2906 1531 2933 in
1554 2914 1670 2942 marg:

350 2942 502 2972 Generale
522 2947 688 2974 concilium
710 2947 783 2982 quid
805 2948 844 2975 sit
865 2953 946 2976 nota.
1090 2957 1133 2978 22.
1155 2950 1195 2977 B:
1218 2951 1270 2978 ubi
1291 2951 1410 2986 legitur.
