2045 3312
124 268 178 321 48
848 275 1077 309 JOHANNJS
1101 276 1296 309 WYCLIF.
1569 262 1675 321 [CAP.
1691 274 1743 304 111.

418 392 500 418 non
539 379 755 420 Christum
793 383 935 436 gratis
973 383 1212 436 diligentes,
1262 396 1344 422 non
1378 383 1519 422 Deum
1562 389 1897 437 pi‘opter134‘1A

416 450 554 502 ipsum
571 450 712 490 Deum
735 458 976 504 querentes,
994 453 1249 505 temporalia
1272 459 1590 506 consequentes,
1611 452 1746 494 lucris

416 520 645 570 inhiantes,
699 521 884 562 honores
936 521 989 561 ab
1040 521 1282 562 hominibus
1320 529 1582 576 appetentes.
1647 523 1746 564 Hec

415 591 588 643 quando
621 598 828 631 amantur
859 605 885 631 a
911 593 1135 646 preposito
1169 598 1208 632 et
1230 599 1416 645 propter
1447 594 1524 634 hec
1556 594 1745 634 servitur

415 660 521 709 Deo,
569 662 759 714 quisquis
792 662 893 703 talis
928 669 1001 715 est,
1051 664 1346 703 mercenarius
1378 671 1451 712 est,
1486 665 1599 704 inter
1617 663 1778 717 filios5

415 744 462 770 se
494 745 577 771 non
610 739 836 785 computet.

125 804 353 844 Ourpretenee
370 804 403 832 Οἱ
474 802 594 842 Unde
657 801 756 856 quia
812 816 962 842 omnes
1023 801 1276 842 confitemur
1328 817 1407 842 nos
1458 803 1742 857 principaliter

124 840 400 939 ηῗῧξῐάὶῗοῖἒὲῗὲἓ
416 881 588 925 propter
619 872 828 912 honorem
851 872 926 912 Dei
951 881 989 913 et
1013 872 1274 926 spiritualem
1305 872 1543 926 profectum
1575 873 1744 913 ecclesie

124 911 382 982 bibelgciftiiuig-
415 942 517 981 tales
546 942 833 995 preposituras
858 951 1069 997 appetere,
1102 943 1154 982 ad
1178 942 1503 983 discernendum
1535 944 1567 982 si
1598 957 1746 983 sumus

417 1011 620 1066 ypocrite,
675 1021 844 1065 oportet
895 1013 1061 1053 credere
1105 1013 1303 1066 operibus
1354 1014 1521 1067 nostris,
1572 1015 1744 1068 speculo
1766 1038 1804 1060 10

415 1083 618 1136 scripture
663 1092 704 1123 et
748 1083 998 1123 testimonio
1044 1093 1299 1124 sanctorum.
1348 1085 1469 1125 Unde
1518 1085 1746 1138 Gregorius

414 1153 585 1205 XXXIO,
630 1153 778 1193 Moral.
814 1167 902 1206 cap.
938 1154 1008 1206 IX,
1048 1162 1088 1194 et
1119 1153 1239 1206 infra,
1273 1153 1369 1194 satis
1402 1155 1579 1208 explicat
1620 1155 1745 1195 istam

415 1223 635 1263 materiam
667 1223 708 1262 in
741 1223 872 1263 tribus
906 1224 1272 1276 conclusionibu83
1317 1238 1563 1278 supponens
1607 1225 1746 1278 primo

414 1294 531 1346 quod
564 1307 686 1334 mens
718 1295 821 1333 iusti
854 1294 920 1333 vel
957 1295 1050 1334 veri
1081 1294 1312 1335 christiani
1355 1295 1478 1336 debet
1523 1309 1615 1336 esse
1658 1303 1745 1336 tam

415 1363 574 1416 affectu
597 1377 726 1416 quam
764 1363 981 1404 intellectu
1017 1364 1196 1404 collecta
1232 1365 1511 1419 intrinsecus,
1544 1367 1606 1406 sic
1637 1366 1804 1419 quod15

414 1435 546 1475 nichil
576 1447 700 1474 suum
735 1435 929 1474 exterius
967 1434 1255 1488 derelinquat.
1290 1435 1409 1475 Patet
1440 1449 1487 1475 ex
1519 1436 1599 1476 hoc
1632 1437 1747 1490 quod

414 1504 530 1544 aliter
562 1513 751 1557 peccaret
785 1512 928 1544 contra
960 1503 1041 1543 hoc
1080 1505 1351 1546 mandatum:
1395 1507 1569 1560 Diliges
1613 1505 1748 1547 domi-

417 1587 518 1614 num
538 1575 679 1614 Deum
712 1582 831 1614 tuum
866 1587 922 1614 ex
953 1581 1035 1613 toto
1069 1575 1212 1623 corde,
1246 1588 1302 1616 ex
1333 1582 1419 1615 tota
1452 1577 1598 1615 anima
1634 1583 1750 1616 etex

416 1651 502 1684 tota
548 1652 700 1685 mente.
757 1644 869 1685 Cum
911 1658 1009 1698 ergo
1048 1658 1135 1684 non
1175 1646 1299 1685 debet
1338 1659 1522 1699 peccare,
1561 1647 1750 1700 sequitur

417 1716 532 1768 quod
565 1729 650 1755 non
684 1716 807 1755 debet
839 1729 926 1754 esse
960 1714 1086 1754 fracta
1118 1715 1174 1755 sic
1208 1716 1249 1754 in
1283 1716 1494 1756 intellectu
1529 1725 1568 1756 et
1596 1716 1747 1757 affectu
1765 1739 1806 1760 20

417 1785 522 1825 circa
544 1785 805 1838 temporalia,
830 1784 927 1838 quia
950 1794 996 1825 ut
1019 1784 1076 1825 sic
1098 1799 1217 1826 amor
1231 1785 1303 1826 uni
1319 1786 1483 1826 debitus
1499 1785 1749 1840 dispergitur

420 1855 527 1895 circa
559 1856 706 1895 multa.
1760 1870 1794 1903 Β

476 1926 558 1965 Isto
580 1925 802 1979 supposito
825 1934 952 1978 patet,
976 1925 1112 1979 primo
1136 1927 1250 1980 quod
1277 1929 1418 1968 sancti
1440 1927 1540 1967 dum
1564 1940 1609 1967 se
1631 1928 1747 1968 intra

417 2002 551 2035 semet
573 1997 689 2049 ipsos
711 1998 773 2036 sic
795 1996 1022 2050 colligunt,
1056 1996 1224 2037 occulta
1246 2003 1332 2037 tam
1356 1997 1407 2038 de
1428 2005 1542 2038 statu
1558 1998 1747 2052 proprio

419 2079 547 2119 quam
581 2065 632 2106 de
664 2073 778 2106 statu
804 2068 1004 2118 proximi
1024 2068 1404 2120 comprehendunt.
1438 2068 1556 2108 Patet
1585 2082 1633 2108 ex
1666 2068 1747 2108 hoc
1765 2080 1803 2113 25

420 2136 535 2189 quod
587 2135 658 2175 lux
711 2150 806 2176 vera
851 2150 932 2190 que
977 2150 1063 2176 non
1108 2145 1246 2189 potest
1289 2151 1489 2190 personas
1541 2138 1745 2191 accipere,

419 2205 650 2245 necessario
673 2207 910 2246 secundum
926 2205 1199 2259 capacitatem
1214 2206 1381 2247 irradiat
1403 2207 1529 2247 talem
1544 2217 1746 2249 mentem.

419 2276 471 2316 Et
505 2276 585 2316 hoc
616 2275 845 2330 figuratum
878 2285 940 2317 est
962 2276 1156 2316 Ezechiel
1179 2277 1286 2330 VIII,
1324 2277 1359 2329 3,
1393 2277 1462 2317 ubi
1496 2277 1553 2317 sic
1574 2277 1745 2332 legitur:

477 2399 496 2417 1.
514 2398 539 2417 2.
556 2389 594 2417 B:
618 2395 746 2426 propter
767 2390 859 2418 istum
877 2389 976 2418 Deum
990 2390 1093 2424 deest;
1115 2390 1190 2418 ibid.
1203 2390 1387 2426 temporalia
1403 2391 1522 2418 scilicet
1534 2391 1700 2419 commoda
1716 2395 1747 2418 ut

418 2437 549 2465 habetur
567 2437 595 2465 iu
616 2436 761 2465 decretali
782 2445 876 2472 supra
897 2442 1078 2465 memorata.
1204 2447 1233 2471 4.
1254 2437 1284 2465 in
1306 2438 1402 2465 codd:
1425 2437 1586 2473 preposito
1609 2443 1745 2473 propter.

418 2484 446 2510 6.
467 2485 495 2511 A
519 2484 548 2511 in
570 2492 673 2519 marg:
695 2484 775 2512 Nota
795 2484 846 2519 qui
875 2489 945 2511 sunt
977 2484 1029 2519 qui
1063 2483 1191 2519 diligunt
1213 2492 1272 2519 que
1293 2492 1349 2511 sua
1369 2488 1450 2519 sunt,
1471 2491 1609 2520 nonque
1625 2484 1745 2511 domiui

417 2530 490 2558 Jesu
504 2531 635 2565 Christi3
659 2531 705 2558 ib:
733 2530 849 2558 Contra
873 2531 990 2558 clerum
1011 2539 1140 2566 pravum
1157 2536 1184 2559 et
1200 2539 1339 2559 avarum.
1359 2531 1447 2565 (This
1462 2531 1547 2565 gloss
1562 2532 1660 2558 above
1674 2529 1738 2563 :34⁶¹

420 2577 550 2604 without
572 2578 659 2605 mark
682 2577 716 2605 of
734 2577 917 2611 reference).
1120 2587 1146 2613 7.
1170 2577 1209 2604 B:
1231 2579 1416 2605 comitemur
1442 2586 1498 2605 nec
1524 2577 1746 2613 principaliter.

419 2631 456 2652 12.
478 2625 506 2651 A
534 2624 562 2651 in
592 2633 694 2659 marg:
728 2624 909 2659 Gregorius.
1082 2625 1124 2653 23.
1146 2624 1208 2652 AB
1239 2624 1269 2652 in
1301 2632 1403 2659 marg:
1435 2624 1537 2651 Prima
1570 2623 1744 2651 conclusio.

416 2677 463 2704 24.
487 2669 589 2698 Verba
611 2670 755 2705 Gregorii
779 2692 785 2698 .
808 2691 815 2697 .
839 2690 844 2696 .
866 2671 1024 2705 colligunt,
1056 2671 1133 2698 mira
1154 2679 1188 2698 ac
1209 2671 1390 2706 penetrabili
1420 2670 1485 2697 acie
1506 2671 1626 2698 occulta
1647 2670 1744 2697 eciam

418 2717 517 2744 aliena
539 2718 648 2745 delicta
670 2718 925 2752 deprehendunt;
950 2718 986 2744 B:
1011 2722 1137 2745 statum.
1254 2717 1299 2745 28.
1321 2718 1342 2744 Β
1363 2718 1392 2745 in
1415 2725 1518 2752 marg:
1542 2715 1746 2744 Ezec11.V111.

417 2763 498 2790 ibid:
521 2763 644 2791 Emissa
666 2764 838 2791 similitudo
860 2771 970 2791 manus
992 2763 1199 2799 apprehendit
1219 2772 1267 2792 me
1289 2763 1318 2791 in
1340 2763 1461 2791 cisinno
1476 2764 1542 2797 (sic)
1559 2763 1671 2798 capitis
1687 2768 1743 2790 etc.

482 2870 530 2892 12.
559 2860 663 2902 Greg.
692 2860 812 2891 Moral.
839 2859 960 2900 XXXI,
987 2870 1061 2902 cap.
1087 2860 1147 2891 Xll
1174 2859 1242 2902 (vel
1271 2859 1327 2901 IX)
1355 2859 1449 2902 Opp.
1475 2866 1560 2890 tom.
1591 2858 1614 2898 l,
1646 2858 1742 2890 1005.

425 2917 473 2949 18.
501 2917 621 2950 Matth.
647 2918 733 2959 Xlll,
761 2918 816 2961 37.
