2045 3312
109 267 193 319 480

172 1448 269 1475 Verso
292 1449 330 1475 16.

128 1483 197 1510 ΊἸῚΕ
218 1484 285 1511 field
307 1484 370 1511 that

834 278 1057 311 JOHANle
1086 279 1281 312 WYCLIF.
1528 268 1633 322 [CAP.
1660 275 1726 304 XX.

400 382 470 421 ubi
512 383 634 421 docta
672 392 733 422 est
771 398 793 423 a
832 385 1073 437 parentibus
1106 385 1313 425 honorare
1345 398 1524 435 soceros,
1558 384 1878 439 diligere194dG

399 452 614 504 maritum,
659 466 797 506 regere
844 453 1061 506 familiam,
1106 455 1338 507 gubernare
1383 455 1565 495 domum
1605 464 1645 494 et
1685 469 1728 494 se

400 522 536 575 ipsam
581 522 987 576 irreprehensibilem
1031 524 1236 566 exhibere.
1284 526 1369 565 Nec
1401 534 1570 565 moveat
1612 526 1728 579 quod

399 592 471 631 filii
518 593 689 632 ecclesie
738 603 836 633 sunt
880 594 1043 647 ancille,
1077 608 1176 634 cum
1208 594 1270 634 vir
1302 595 1440 636 tocius
1473 594 1642 635 ecclesie
1675 595 1728 635 sit

400 664 487 703 eius
532 663 752 716 dominus;
798 665 914 718 quod
960 663 1189 718 figuratum
1234 674 1294 705 est
1337 665 1380 704 in
1423 665 1522 706 Sara
1555 665 1762 708 Genesis5

400 735 569 787 XVIIIO,
631 749 692 787 12,
744 744 922 775 vocante
966 735 1182 775 Abraham
1226 735 1445 776 dominum
1490 749 1618 776 suum
1665 733 1730 791 (ut

400 814 520 845 notat
549 806 694 845 beatus
724 806 870 845 Petrus
894 805 928 844 Ia
950 805 1060 845 Petri
1084 806 1173 858 1110,
1208 804 1264 862 6).
1290 807 1385 846 Non
1411 807 1568 856 tin'zeat,
1592 806 1729 860 inquit

399 875 678 928 Augustinus,
719 875 1022 925 condicionem,
1065 877 1147 915 sed
1201 886 1338 929 speret
1389 876 1725 929 miseracionem,

399 945 497 999 quia
529 959 670 985 revera
702 945 733 984 si
768 946 857 985 Deo
891 946 1041 986 servire
1075 946 1126 985 sit
1166 960 1352 999 regnare,
1384 947 1533 987 ancilla
1565 946 1727 987 domini

400 1026 459 1055 est
499 1016 654 1070 regina.
697 1017 749 1056 Et
781 1016 878 1056 hinc
910 1030 1004 1056 vere
1037 1031 1083 1056 ac
1116 1017 1329 1057 meritorie
1362 1016 1581 1070 profitetur
1613 1017 1725 1056 Psal-
1748 1035 1787 1057 10

399 1085 523 1126 mista
553 1087 722 1126 Psalmo
755 1086 905 1137 CXVO,
942 1088 1007 1127 16:
1046 1087 1156 1141 Ego,
1190 1087 1341 1142 inquit,
1374 1101 1525 1128 servus
1556 1095 1656 1127 tuus
1689 1093 1730 1127 et

392 1158 521 1210 filius
566 1158 724 1198 ancille
766 1165 850 1198 tue.
916 1157 1097 1211 Oportet
1150 1158 1264 1198 enim
1315 1158 1506 1199 membra
1558 1157 1729 1197 ecclesie

403 1227 599 1281 precipue
634 1242 776 1268 cavere
809 1228 952 1267 ocium
983 1238 1022 1268 et
1052 1229 1201 1268 servire
1235 1228 1448 1279 continue,
1482 1228 1580 1281 quia
1613 1227 1730 1267 aliter

406 1311 490 1336 non
526 1299 648 1337 datur
680 1298 737 1337 eis
770 1298 984 1351 spirituale
1019 1298 1234 1338 cibarium.
1277 1299 1401 1339 Unde
1442 1298 1494 1337 Ha
1539 1297 1729 1338 Thessal.

406 1368 494 1419 1110,
527 1383 572 1407 1o
596 1368 958 1422 dicitApostolus:
980 1369 1065 1417 Qui
1083 1383 1164 1408 non
1190 1369 1359 1408 laborat
1382 1382 1464 1408 non
1489 1368 1731 1408 manducet.
1751 1377 1789 1410 15

465 1439 545 1478 Sed
579 1439 676 1492 quia
710 1449 903 1479 matrona
935 1440 1118 1492 prudens
1151 1439 1419 1479 considerans
1443 1440 1558 1493 quod
1583 1438 1771 1479 cibaria5
1812 1446 1850 1478 H

111 1520 264 1555 snebuys
292 1519 386 1546 isaie
403 1508 466 1548 vie
515 1523 601 1549 non
647 1509 862 1549 sufficiunt
907 1510 1072 1550 homini
1119 1511 1160 1549 in
1202 1519 1406 1561 eternum,
1447 1509 1542 1549 ideo
1581 1508 1732 1563 quinto

145 1554 299 1589 Kingdom
321 1554 355 1581 of

182 1591 318 1617 Heaven.

402 1580 612 1619 subditur:
640 1580 934 1620 Considemzvit
955 1594 1115 1634 agrum
1141 1588 1179 1620 et
1209 1582 1307 1620 emit
1329 1581 1466 1628 illum,
1501 1580 1552 1619 de
1571 1580 1731 1634 fructu

403 1664 610 1690 manuum
649 1664 832 1690 suarum
861 1651 1076 1704 plantavit
1114 1652 1293 1690 vineam.
1341 1655 1451 1704 Ager
1484 1650 1550 1689 ille
1583 1662 1730 1688 secun-

402 1722 504 1759 dum
551 1722 838 1773 Augustinum
886 1732 947 1762 est
980 1736 1157 1775 regnum
1199 1722 1386 1761 celorum
1426 1721 1466 1759 in
1509 1734 1595 1773 quo
1636 1729 1733 1760 sunt
1749 1739 1791 1760 20

404 1790 561 1831 fructus
607 1806 773 1844 semper
817 1792 1011 1843 virentes,
1061 1801 1107 1832 ut
1153 1801 1266 1844 patet
1299 1796 1434 1844 Apoc.
1481 1790 1647 1844 ultimo,
1694 1799 1732 1829 et

402 1862 570 1901 Psalmo
614 1864 783 1915 Xleo,
832 1878 869 1901 11
917 1863 1086 1903 dicitur:
1122 1862 1400 1903 Pulchritudo
1433 1861 1534 1916 agri
1567 1874 1729 1900 mecum

403 1940 476 1972 est.
519 1933 637 1973 Illam
676 1944 819 1973 autem
852 1934 1030 1987 patriam
1065 1933 1198 1973 fidelis
1233 1933 1422 1973 discursu
1458 1931 1553 1971 fidei
1595 1930 1732 1970 infuse

403 2005 655 2056 considerat,
700 2015 739 2045 et
784 2020 831 2044 ex
864 2004 944 2044 fide
979 2004 1181 2057 scripture
1214 2019 1290 2057 pro
1323 2004 1402 2043 levi
1442 2001 1733 2042 tribulacionis

403 2084 702 2114 momentanee
748 2075 889 2127 ipsum
934 2084 1085 2127 sperat,
1131 2084 1171 2114 et
1215 2074 1272 2113 sic
1318 2074 1421 2113 illud
1476 2073 1591 2127 quod
1645 2080 1789 2112 1101125

403 2144 568 2184 videtur
601 2146 732 2184 modo
766 2145 1014 2185 sensibiliter
1044 2146 1212 2198 pondus
1247 2154 1388 2185 eterne
1420 2144 1551 2198 glorie
1585 2157 1730 2196 opera-

405 2224 472 2254 tur
505 2215 544 2253 in
579 2215 700 2254 nobis
734 2225 773 2255 et
805 2215 1089 2255 voluntariam
1122 2214 1433 2268 persecucionis
1473 2212 1731 2266 pacienciam

408 2294 577 2337 propter
635 2285 843 2324 iusticiam
906 2299 987 2339 que
1046 2286 1282 2324 secundum
1342 2297 1492 2324 vocem
1551 2283 1732 2324 veritatis

407 2355 581 2394 Matthei
616 2356 690 2396 Vl0
724 2366 784 2395 est
807 2355 995 2408 precium
1021 2355 1144 2395 huius
1167 2355 1266 2409 agri.
1293 2355 1413 2395 Unde
1436 2354 1537 2408 quid
1562 2362 1733 2407 propter

407 2426 649 2478 exemplum
675 2426 897 2465 martirum
931 2435 969 2466 et
1002 2427 1214 2465 iustorum
1247 2434 1389 2465 sancte
1421 2424 1661 2464 vivencium
1694 2432 1733 2462 et
1748 2429 1790 2461 30

406 2496 508 2549 quid
563 2506 733 2549 propter
790 2497 963 2536 virtutes
1024 2496 1285 2549 theologicas
1338 2494 1496 2534 infusas
1556 2495 1733 2546 desuper

407 2576 540 2606 mater
587 2576 727 2606 nostra
772 2566 811 2605 in
857 2581 929 2619 spe
981 2566 1079 2605 boni
1130 2566 1254 2606 futuri
1300 2564 1502 2618 plantavit
1551 2565 1731 2611 vineam,

407 2637 487 2676 hoc
521 2646 598 2687 est,
631 2637 889 2690 superiorem
926 2637 1020 2676 cleri
1055 2636 1271 2676 ecclesiam
1296 2649 1378 2688 que
1401 2634 1617 2674 residuum
1647 2632 1730 2685 agri

407 2704 596 2746 letificet?
633 2708 682 2746 Et
707 2707 785 2746 hoc
819 2707 967 2746 merito
992 2707 1127 2746 tocius
1150 2705 1321 2746 ecclesie
1350 2705 1466 2758 quod
1492 2713 1552 2744 est
1576 2703 1733 2743 fructus

462 2888 480 2907 1.
502 2880 535 2907 ln
557 2879 665 2906 codd.:
689 2879 801 2907 socios.
914 2879 954 2907 ιι).
976 2879 1003 2906 Α
1025 2880 1080 2913 Al:
1109 2883 1252 2906 matrona
1272 2892 1305 2897 --
1327 2877 1396 2904 ideo
1417 2877 1511 2904 deest.
1630 2875 1669 2903 25.
1693 2874 1727 2902 B:

407 2927 451 2953 sic
472 2927 563 2954 idem.
708 2934 755 2961 29.
777 2927 809 2953 ln
830 2926 939 2954 codd.:
963 2925 1068 2953 Manli.
1092 2924 1130 2953 V.
1273 2924 1316 2952 32.
1337 2926 1380 2953 A:
1404 2924 1475 2952 boni
1498 2922 1580 2950 suci?

2027 319 2045 610 „M2'W0-d‘*
2026 251 2036 298 ’ω
