2045 3312
170 272 187 307 4.
879 265 1103 297 JOHANle
1132 265 1325 297 WYCIJF.
1617 251 1724 308 [CAP-
1747 262 1767 288 1⁴

451 370 576 409 habet
599 371 833 410 secundum
856 380 1017 423 partem
1045 370 1391 424 triumphantem,
1416 370 1519 410 dum
1543 378 1603 409 est
1625 369 1771 409 huius·
1795 380 1870 414 128‘·
1895 383 1925 416 c

453 440 583 491 modi,
600 440 785 494 aliquem
804 441 1007 481 miserum
1022 440 1085 480 vel
1102 440 1425 494 quomodolibet
1439 440 1714 493 maculatum,
1730 449 1775 481 ut

453 510 636 551 ostendit
652 510 930 564 Augustinus,
955 510 1029 550 ΙΙΙΟ
1061 511 1110 549 de
1136 510 1324 550 doctrina
1347 510 1569 551 christiana
1584 511 1773 559 XXXHO,

452 580 537 632 ubi,
571 590 799 635 postquam
828 581 1067 621 ostenderat
1089 582 1205 634 quod
1228 594 1390 634 corpus
1409 581 1564 621 Clu-isti
1585 588 1622 622 el
1646 588 1776 634 caput

451 652 543 691 eius
581 652 781 692 Christus
812 658 915 692 sunt
947 665 1033 691 una
1060 664 1270 705 persona,
1310 651 1496 705 increpat
1529 651 1806 706 Tyconium5

451 721 492 761 in
539 724 722 762 secunda
766 723 828 762 sui
873 722 1016 777 regula
1061 735 1144 776 qua
1187 730 1309 762 vocat
1356 721 1572 762 ecclesiam
1619 735 1773 775 corpus

450 792 613 831 domini
654 792 912 845 bipartitum.
961 792 1058 832 Non
1093 791 1230 846 inquit
1262 793 1319 831 ita
1352 791 1495 832 debuit
1526 792 1775 845 appellare;

450 874 534 901 non
581 864 693 903 enim
735 876 891 904 revera
929 876 1090 916 corpus
1123 863 1289 903 domini
1329 869 1392 903 est
1427 863 1541 916 quod
1571 876 1667 903 cum
1701 864 1772 902 illo

449 946 534 972 non
568 933 757 974 manebit
790 934 831 974 in
855 941 1065 974 eternum.
1100 934 1198 973 Ideo
1222 942 1345 973 vocat
1366 932 1508 973 fideles
1532 934 1583 973 ad
1604 942 1772 986 tempus

448 1004 520 1042 sed
558 1004 760 1056 prescitos
799 1005 851 1044 ad
890 1004 1246 1058 dampnacionem
1286 1003 1504 1043 ecclesiam
1546 1004 1830 1047 similatam10

448 1087 496 1113 ex
529 1074 744 1128 ypocritis.
790 1075 933 1115 Potest
965 1084 1110 1114 autem
1141 1074 1218 1114 ista
1252 1073 1463 1114 sentencia
1495 1074 1769 1114 demonstrari

448 1158 495 1184 ex
528 1144 734 1198 scriptura
756 1145 957 1185 Johannis
981 1146 1070 1197 VIO,
1100 1146 1165 1197 54,
1199 1145 1269 1185 ubi
1304 1144 1455 1184 dicitur
1475 1144 1615 1184 Judeis
1639 1154 1678 1184 et
1700 1158 1773 1198 per

448 1215 560 1255 idem
608 1215 777 1256 cuilibet
820 1216 988 1256 viatori:
1051 1216 1147 1256 Nisi
1192 1215 1558 1255 manducaveritis
1597 1229 1771 1255 carnem

432 1285 527 1338 filii
559 1286 743 1326 hominis
786 1293 826 1326 et
859 1287 1048 1327 biberitis
1081 1288 1174 1327 eius
1212 1287 1488 1341 sanguinem,
1527 1299 1610 1326 non
1644 1286 1771 1326 hahe-

154 1354 543 1419 m'lglffia‘c‘lrztlssfcnsssfssbitis
575 1358 702 1397 vitam
737 1358 779 1396 in
805 1358 933 1397 vobis.
968 1358 1049 1398 Sed
1081 1371 1209 1397 nemo
1242 1366 1381 1411 potest
1413 1370 1499 1396 esse
1531 1357 1773 1396 membrum
1793 1365 1829 1398 15

252 1426 337 1453 “002¹-
448 1427 635 1480 corporis
676 1426 844 1479 Christi,
889 1427 968 1466 nisi
1014 1427 1136 1467 fuerit
1180 1428 1423 1467 membrum
1466 1426 1631 1466 vivum:
1675 1440 1772 1480 ergo

448 1510 575 1536 nemo
614 1506 754 1550 potest
793 1511 879 1537 esse
919 1498 970 1537 de
1004 1497 1077 1537 illo
1111 1511 1301 1551 corpore,
1347 1497 1424 1537 nisi
1458 1495 1772 1537 manducaverit

447 1581 600 1621 corpus
625 1567 792 1608 Christi.
829 1568 1066 1617 Quomodo
1100 1582 1231 1622 queso
1254 1577 1394 1622 potest
1416 1566 1651 1608 continuari
1675 1580 1772 1606 cum

447 1638 582 1678 nervis
623 1638 781 1691 capitis,
827 1639 904 1677 nisi
945 1638 1026 1678 fide
1066 1638 1245 1679 formata
1283 1639 1324 1678 in
1365 1647 1490 1692 caput
1530 1634 1770 1677 crediderit?

447 1709 577 1757 Quod
617 1718 678 1748 est
717 1709 858 1761 ipsum
898 1710 1166 1761 manducare,
1213 1719 1258 1749 ut
1295 1709 1467 1763 exponit
1505 1707 1769 1761 Augustinus
1788 1726 1830 1748 20

447 1778 601 1818 omelia
617 1779 765 1819 XXVU.
792 1779 929 1819 Habet
952 1788 1095 1820 autem
1117 1779 1192 1819 iste
1216 1779 1333 1819 cibus
1357 1778 1561 1819 contrarie
1585 1779 1636 1818 ad
1655 1777 1770 1818 cibos

447 1849 685 1902 corporales
699 1849 897 1889 virtutem
913 1850 1171 1889 assimilandi
1187 1849 1261 1889 sibi
1280 1850 1609 1889 manducantem
1626 1862 1770 1888 secun-

447 1920 550 1959 dum
589 1927 771 1972 quatuor
809 1920 1075 1973 digestiones,
1109 1921 1160 1960 de
1193 1920 1347 1974 quibus
1385 1920 1511 1959 Rom.
1540 1919 1667 1971 V1110‚
1705 1918 1770 1969 30,

447 1990 601 2029 scilicet
626 1989 1070 2043 predestinacionem,
1103 1993 1392 2044 vocacionem,
1417 1990 1769 2044 iustificacionem

446 2066 486 2099 et
507 2060 891 2113 glorificacionem.
928 2061 1134 2109 Quamvis
1168 2061 1281 2100 enim
1313 2061 1369 2099 sic
1392 2061 1653 2100 manducans
1675 2073 1768 2098 mo-
1787 2066 1826 2098 25

446 2129 547 2169 ritur
569 2130 868 2183 temporaliter,
893 2144 978 2170 non
1003 2140 1146 2170 tamen
1170 2130 1416 2182 eternaliter,
1440 2144 1537 2169 cum
1560 2129 1768 2177 Christus,

447 2201 718 2240 resurreccio
762 2207 801 2240 et
833 2201 921 2241 vita
966 2202 1007 2239 in
1045 2200 1184 2253 finali
1215 2201 1372 2241 iudicio
1406 2199 1593 2253 vivificat
1623 2199 1769 2238 omnia

447 2269 642 2311 membra
690 2282 783 2322 sua,
833 2271 930 2324 quia
963 2270 1028 2310 leo
1075 2270 1243 2323 rugiens
1285 2270 1456 2310 suscitat
1486 2283 1608 2309 suam
1640 2269 1768 2309 eccle-

446 2341 563 2380 siam.
592 2340 763 2381 Caritas
784 2349 926 2380 autem
949 2354 1031 2394 que
1055 2352 1274 2394 nunquam
1299 2340 1458 2380 excidit
1475 2349 1535 2380 est
1551 2339 1769 2379 vinculum

505 2455 530 2483 3.
552 2455 573 2482 Β
595 2455 623 2482 in
646 2463 749 2489 marg:
771 2455 977 2491 Augustinus.
1080 2465 1110 2490 4.
1133 2454 1154 2482 Β
1176 2454 1206 2482 in
1229 2461 1331 2488 marg:
1354 2453 1498 2481 Christus
1520 2458 1547 2480 et
1567 2460 1682 2488 corpus
1704 2451 1768 2479 eius

445 2507 515 2530 suut
536 2510 594 2528 una
612 2510 756 2536 persona.
831 2503 857 2529 ὅ.
879 2502 918 2529 13:
940 2503 1118 2530 reverencia
1139 2509 1264 2537 corpus,
1347 2508 1384 2528 ¹2.
1407 2501 1427 2528 Β
1449 2501 1478 2528 iu
1500 2508 1602 2535 marg:
1622 2499 1692 2527 Joh.
1714 2499 1787 2526 Vl.‘

446 2548 482 2576 15.
504 2549 531 2575 Λ
552 2549 580 2576 iu
603 2557 707 2583 marg:
729 2548 835 2577 Virtus
856 2549 915 2577 cibi
937 2550 1181 2577 sacramentalis.
1257 2549 1298 2577 16.
1324 2550 1360 2577 B:
1378 2548 1474 2583 Igitur
1497 2555 1600 2575 neum.
1674 2555 1712 2573 21.
1736 2547 1766 2573 ln

445 2596 535 2623 codd.
552 2595 664 2623 xxvi.
692 2595 831 2623 Correxi.
846 2595 867 2623 Β
883 2596 911 2623 in
935 2604 1039 2631 marg:
1060 2597 1266 2632 Augustinus.
1339 2596 1381 2624 235.
1404 2595 1425 2622 Β
1446 2595 1474 2622 in
1498 2602 1599 2629 marg:
1619 2592 1766 2625 J0.V111;

446 2642 467 2668 1³,
488 2642 517 2669 in
539 2650 642 2677 marg:
669 2642 810 2670 Christus
831 2643 898 2678 (sic)
921 2643 1063 2677 digestio.

507 2738 534 2770 3.
564 2739 652 2781 Aug.
681 2739 771 2782 Opp.
800 2738 854 2779 III,
888 2750 913 2780 1,
941 2749 1018 2782 pag.
1045 2738 1096 2771 38.
1201 2739 1249 2772 13.
1276 2738 1399 2771 Viator
1425 2737 1452 2769 is
1486 2747 1503 2769 a
1530 2737 1692 2768 traveller
1718 2746 1763 2767 on

446 2796 552 2837 earth,
581 2797 620 2828 cs.
649 2797 789 2839 &VJ-elis,
819 2798 867 2828 lie
895 2797 984 2829 civili
1012 2798 1106 2828 dom.
1126 2808 1203 2840 pag.
1222 2808 1254 2838 4.
1354 2796 1537 2828 20.⁷1'rac1.
1557 2795 1588 2825 in
1615 2794 1693 2826 Joh.
1712 2804 1763 2826 ev.

445 2865 519 2897 cup.
538 2855 595 2894 vt,
615 2856 707 2898 Opp.
734 2863 817 2886 tom.
847 2855 900 2895 Ill,
930 2866 957 2895 2,
985 2866 1062 2898 pag.
1088 2856 1166 2898 480.
1277 2854 1329 2885 28.
1356 2853 1433 2886 Joh.
1463 2854 1516 2892 Vl,
1544 2864 1600 2894 40.
1628 2853 1682 2891 xl,
1713 2852 1763 2883 25.

448 2924 499 2956 μη).
528 2914 549 2944 Ι.
580 2914 658 2944 tjor.
685 2914 771 2953 Xlll,
799 2916 829 2945 Η.
