2045 3312
270 281 358 309 CAP.
381 269 478 328 xxi]
757 303 761 313 ,
801 283 859 314 DE
887 281 1122 315 ECCLESIA.
1810 274 1890 326 507

128 401 165 434 N
192 389 367 445 198¹³dito
400 397 578 429 caracter
611 389 768 428 ordinis
802 397 863 427 est
894 389 1140 441 impressus,
1173 396 1212 427 et
1243 388 1447 428 limitatur
1485 389 1604 428 locus
1619 398 1861 469 Opbsoffiaggtfflffit
1884 442 1897 461 S

1865 443 1879 461 C

279 473 404 513 super
417 458 690 499 distinccione
703 459 858 499 XXIVa
875 458 1010 512 quarti
1026 458 1364 511 Sentenciarum3
1380 467 1419 498 et
1434 458 1605 498 indubie
1649 467 1861 531 {meTihsoffig

277 538 424 570 tractat
455 530 577 569 istam
610 529 868 569 sentenciam
915 529 1086 581 ibidem,
1133 528 1354 583 questione
1407 529 1604 581 secunda,
1620 538 1750 566 adverse
1770 543 1802 566 to
1819 539 1893 567 him.

277 599 454 640 articulo
477 599 621 648 tercio,
645 599 947 653 recitandoque
979 608 1061 638 tres
1100 598 1339 652 opiniones,
1377 608 1423 639 ut
1457 599 1605 639 doctor

244 681 260 713 5
278 670 595 721 Bonaventura;
628 683 807 723 quarum
840 668 976 722 prima
1008 668 1107 709 dicit
1130 669 1247 723 quod
1268 668 1312 708 in
1336 669 1428 708 solo
1457 668 1603 708 ordine

277 739 522 779 sacerdotali
556 748 734 779 caracter
765 738 1028 792 inprimitur3
1061 739 1245 779 secunda
1278 740 1395 793 quod
1427 739 1470 778 in
1504 740 1602 779 solis

276 809 397 849 sacris
430 809 662 861 ordinibus,
710 809 785 849 sed
823 809 914 859 hoc,
958 809 1108 863 inquit,
1154 810 1310 849 iterum
1355 809 1485 849 nichil
1528 817 1601 850 est.

280 878 411 929 (Inde,
455 878 605 932 inquit,
652 892 747 919 cum
782 887 983 920 caracter
1021 880 1075 920 sit
1107 881 1278 934 signum
1315 880 1601 920 distinctivum

279 951 330 989 ab
347 950 459 999 aliis,
477 955 641 1002 oportet
662 949 774 1003 quod
788 950 830 990 in
855 950 1053 990 omnibus
1075 949 1299 990 ordinibus
1315 950 1602 1004 imprimatur,

222 1041 259 1062 10
275 1021 400 1060 cuius
432 1019 566 1059 eciam
591 1019 763 1073 signum
797 1026 859 1059 est
890 1019 1003 1073 quod
1031 1027 1195 1073 oportet
1216 1020 1332 1073 quod
1353 1029 1602 1062 caracteres

267 1097 479 1143 perpetuo
524 1096 730 1130 maneant
773 1096 813 1129 et
857 1103 1080 1144 nunquam
1120 1098 1407 1132 revertentur.
1443 1093 1495 1132 Et
1538 1106 1600 1132 re-

273 1162 454 1214 spondet
486 1162 538 1200 ad
570 1160 646 1201 tria
680 1169 927 1214 argumenta
958 1160 1000 1199 in
1035 1160 1300 1215 oppositum,
1332 1162 1439 1202 sicut
1461 1177 1599 1216 supra.

274 1232 327 1271 Et
370 1241 484 1284 patet
527 1232 644 1285 quod
688 1245 765 1270 nec
798 1231 878 1271 hoc
912 1240 973 1270 est
1006 1231 1262 1271 conveniens
1306 1233 1600 1273 testimonium

272 1301 325 1340 ad
357 1302 627 1354 probandum
650 1301 792 1341 solum
822 1301 864 1340 in
898 1302 1044 1341 ordine
1076 1302 1323 1342 sacerdotali
1352 1313 1601 1344 caracterem

220 1383 361 1414 15esse
393 1371 660 1424 impressum,
685 1385 782 1411 cum
816 1372 967 1412 militat
999 1372 1150 1411 directe
1182 1372 1225 1411 in
1258 1373 1527 1426 oppositum3
1562 1385 1601 1415 et

276 1455 415 1481 revera
437 1455 535 1481 cum
558 1442 828 1482 mendacium
845 1443 885 1481 in
903 1442 1045 1482 castris
1072 1456 1290 1482 armorum
1313 1445 1599 1496 corporalium

272 1521 492 1565 tamquam
515 1512 572 1551 eis
596 1512 855 1552 contrarium
887 1513 938 1552 sit
971 1513 1154 1565 oditum,
1188 1513 1253 1568 (ut
1286 1523 1400 1566 patet
1430 1515 1597 1555 Macha-

278 1583 455 1622 beorum
487 1583 616 1635 V110),
665 1583 802 1623 multo
842 1585 975 1636 magis
1019 1584 1061 1622 in
1107 1583 1249 1623 castris
1281 1584 1511 1625 scolasticis
1556 1586 1598 1625 in

277 1653 430 1706 quibus
462 1653 689 1693 militarent
720 1653 860 1693 solum
893 1654 1055 1706 pugiles
1087 1654 1281 1694 veritatis.

226 1732 258 1764 Ο
335 1724 416 1763 Sed
459 1723 637 1762 instatur
679 1724 913 1776 tripliciter:
957 1724 1133 1765 Videtur
1164 1724 1276 1764 enim
1311 1724 1449 1777 primo
1482 1728 1599 1779 quod
1624 1739 1728 1769 These
1750 1743 1876 1770 doctors

242 1802 451 1846 luterque
490 1792 669 1832 istorum
709 1795 936 1833 doctorum
970 1804 1103 1846 ponat
1137 1804 1386 1834 caracterem
1419 1796 1596 1836 omnino
1612 1778 1889 1853 agiifiistalssigfim

271 1862 551 1914 indelebilem,
597 1877 675 1915 ego
720 1873 863 1903 autem
911 1864 992 1902 dixi
1039 1864 1231 1916 superius
1264 1866 1379 1918 quod
1419 1848 1887 1921 caracter'tiss‘irffl‘iiufss‘iiissf

269 1931 420 1985 aliquis
464 1941 525 1971 est
570 1934 870 1972 tantummodo
904 1934 1160 1986 temporalis.
1224 1934 1304 1973 Hic
1337 1935 1431 1974 dico
1477 1937 1596 1990 quod

272 2011 416 2042 neuter
462 2016 611 2042 eorum
655 2013 716 2043 est
761 2004 863 2043 milii
909 2004 1157 2045 autenticus.
1206 2005 1303 2044 Ideo
1338 2018 1423 2044 non
1457 2006 1592 2059 allego

215 2085 254 2116 25
272 2086 341 2112 eos
386 2072 463 2111 nisi
511 2074 727 2125 arguendo
773 2075 824 2113 ad
872 2074 1104 2115 hominem.
1150 2076 1255 2115 Dico
1288 2085 1429 2116 tamen
1475 2079 1594 2131 quod

269 2142 440 2195 glossari
481 2153 662 2196 possunt
695 2144 968 2197 intelligendo
1010 2159 1082 2198 per
1120 2157 1372 2186 caracterem
1406 2161 1496 2187 esse
1526 2149 1591 2188 vel

270 2213 397 2253 fuisse
431 2214 684 2266 deputatum
728 2216 780 2254 ad
818 2215 992 2268 aliquod
1033 2230 1198 2256 sacrum
1236 2217 1518 2258 ministerium
1549 2219 1590 2258 in

269 2292 410 2322 sancta
447 2283 631 2336 ecclesia,
675 2294 713 2324 et
756 2285 837 2324 hoc
876 2299 961 2324 non
1002 2295 1141 2339 potest
1179 2287 1366 2327 desinere
1406 2302 1507 2339 esse,
1553 2298 1592 2328 et

270 2352 363 2392 ideo
397 2353 496 2393 dicit
527 2354 642 2406 prior
673 2356 822 2394 doctor
855 2357 973 2409 quod
1003 2366 1183 2396 caracter
1213 2367 1354 2398 manet
1384 2368 1589 2412 perpetuo

211 2423 311 2465 δοίη
358 2422 498 2463 officio
538 2426 603 2465 vel
647 2425 831 2478 premio;
880 2441 978 2466 nam
1022 2427 1063 2466 in
1109 2429 1401 2481 predestinatis
1447 2439 1590 2470 manet

268 2501 366 2545 post
396 2493 597 2534 miliciam
629 2496 746 2548 quod
784 2496 842 2535 illi
882 2496 1052 2538 fuerunt
1093 2498 1281 2551 deputati
1314 2500 1367 2538 ad
1399 2499 1587 2539 officium

320 2649 360 2668 ιο.
382 2642 409 2669 Α
425 2643 482 2676 A1:
505 2645 588 2678 quod
603 2649 720 2679 careat;
742 2650 844 2673 careat
863 2645 1046 2674 extinctum.
1156 2655 1201 2675 20.
1224 2647 1251 2675 A
1272 2647 1302 2676 in
1323 2655 1437 2684 marg:
1460 2648 1587 2685 Triplex

266 2687 419 2715 obieccio.
440 2688 626 2724 Responsio.
649 2691 796 2719 Auctoris
817 2693 985 2720 sentencia.

320 2791 353 2825 8.
381 2795 627 2829 ssonaventura
654 2797 712 2829 lib.
734 2798 790 2830 IV.
808 2799 902 2830 Sent.
923 2798 1001 2832 dist.
1018 2801 1075 2840 VI,
1095 2811 1175 2844 pars
1196 2802 1233 2842 ΙΙ,
1255 2809 1315 2834 art.
1338 2802 1362 2843 I,
1381 2810 1521 2845 quaest.
1539 2803 1584 2834 IV

263 2858 297 2883 et
318 2851 395 2884 dist.
418 2852 538 2894 XXIV,
563 2865 643 2897 pars
663 2856 701 2895 ΙΙ,
726 2863 788 2888 art.
809 2858 831 2897 Ι,
859 2866 992 2900 quaest.
1025 2859 1047 2894 Ι,
1076 2859 1266 2892 Conclusio
1287 2860 1380 2903 Opp.
1409 2869 1494 2893 tom.
1515 2862 1570 2901 IV,

263 2919 340 2952 pag.
367 2908 444 2943 651.
