2045 3312
134 279 214 317 260
844 287 1068 320 JOHANNIs
1096 287 1292 320 WYcrir.
1557 273 1664 333 [CAP.
1680 285 1745 313 ΧΠ,

423 392 634 443 iniuriam,
688 395 785 446 quia
837 393 951 434 iuxta
995 393 1103 433 dicta
1155 392 1197 431 in
1243 392 1439 446 proximo
1491 402 1897 446 argumento165'*G

423 471 592 515 oportet
635 463 946 516 subintelligere
990 463 1032 501 in
1077 463 1195 503 omni
1240 463 1312 502 tali
1361 463 1540 515 generali
1587 472 1743 503 statuto

424 532 736 585 beneplacitum
776 533 911 586 prime
944 532 1119 572 iusticie.
1155 532 1338 586 Oportet
1371 547 1469 587 ergo
1509 534 1745 573 secundum

149 611 217 639 Tne
242 612 390 651 privilege
424 602 586 655 regulas
640 603 842 656 scripture
905 603 1053 642 docere
1113 603 1229 656 quod
1280 603 1478 656 implecio
1539 602 1743 656 privilegii

132 647 407 729 caiiigfiieuiiseeadciin
424 673 625 725 generalis
675 673 714 712 in
760 687 857 713 casu
890 673 1031 725 posito
1065 672 1117 712 sit
1150 686 1339 712 consona
1370 673 1449 726 legi
1483 673 1572 712 Dei.
1626 674 1679 712 Et
1711 673 1777 715 si5

131 718 647 785 aciiixgiis-niaixiiinhconsiliarii
701 743 910 796 sapientes
962 742 1234 782 mundialiter
1286 743 1459 796 exigunt
1510 757 1557 782 ex
1608 743 1744 782 verbis

422 813 626 866 privilegii
672 822 894 866 tamquam
938 827 1189 853 concessum
1222 827 1349 852 omne
1383 814 1499 867 quod
1549 813 1744 853 sciverint

421 884 648 936 sophistice
681 883 865 936 palliare,
900 893 1041 924 exacta
1073 892 1134 923 est
1167 897 1264 923 cum
1312 883 1486 936 satrapis
1519 884 1744 923 Medorum

421 953 666 1006 blasphema
704 953 879 1006 petici03
926 954 1005 1007 ipsi
1053 953 1167 993 enim
1212 953 1384 1007 exigunt
1427 967 1677 994 concessum
1721 968 1743 993 a

421 1023 607 1076 principe
630 1037 759 1064 omne
781 1025 897 1078 quod
916 1023 1143 1077 sophistice
1162 1022 1314 1064 inferre
1337 1033 1515 1077 possunt
1538 1038 1585 1064 ex
1608 1024 1742 1064 verbis
1764 1044 1801 1065 10

421 1093 640 1146 privilegii,
674 1093 758 1133 sive
791 1093 950 1134 iustum
985 1093 1107 1133 fuerit
1140 1093 1225 1133 sive
1264 1093 1483 1145 iniustum,
1523 1108 1594 1133 seu
1635 1094 1741 1148 parti

422 1163 704 1216 privilegianti
757 1173 830 1204 aut
881 1163 1140 1217 privilegiate
1191 1163 1457 1204 meritorium
1505 1163 1627 1204 fuerit
1671 1173 1742 1204 aut

421 1233 755 1285 demeritorium,
801 1242 841 1273 et
885 1233 941 1273 ita
986 1233 1071 1273 sive
1104 1234 1216 1273 Deus
1270 1233 1374 1273 illud
1424 1234 1605 1274 voluerit
1657 1234 1742 1273 sive

421 1304 616 1345 noluerit.
651 1305 733 1345 Sed
765 1304 808 1344 in
841 1304 964 1345 istam
997 1304 1306 1358 blasphemiam
1339 1318 1424 1344 non
1457 1313 1596 1358 potest
1628 1304 1740 1357 prin—

422 1388 519 1427 ceps
553 1375 681 1415 seculi
715 1388 790 1414 nec
824 1375 956 1414 eciam
988 1375 1102 1414 Deus
1134 1374 1237 1427 ipse,
1261 1375 1357 1414 ideo
1389 1374 1621 1414 instruendi
1644 1383 1743 1414 sunt
1764 1384 1798 1415 15

420 1444 615 1498 religiose
638 1445 803 1484 domini
826 1445 1046 1494 seculares,
1070 1458 1121 1484 ne
1145 1458 1192 1483 ex
1216 1445 1457 1499 ignorancia
1482 1444 1742 1485 condicionis

422 1514 628 1568 privilegii
687 1524 726 1555 et
785 1514 1150 1568 interpretacionis
1204 1515 1292 1554 eius
1351 1515 1602 1568 participent
1671 1515 1741 1554 tali

422 1584 702 1637 blasphemie;
740 1586 936 1624 videntur
979 1584 1092 1624 enirn
1139 1584 1243 1624 cecis
1291 1586 1526 1624 secundum
1560 1584 1739 1624 formam

128 1668 187 1688 nor
212 1670 283 1698 may
309 1661 405 1689 rulers
421 1654 548 1693 talem
593 1656 823 1694 concedere
869 1656 939 1694 sed
985 1668 1071 1693 non
1106 1664 1296 1708 possunt.
1332 1655 1447 1695 Sicut
1479 1664 1621 1695 autem
1654 1668 1739 1694 non

152 1697 388 1764 gihiiiiigiiilitis
421 1733 599 1777 possunt
632 1726 858 1765 concedere
881 1726 998 1779 quod
1021 1725 1238 1765 manifeste
1263 1734 1447 1778 vergeret
1472 1726 1522 1764 ad
1554 1726 1738 1764 destruc·
1756 1745 1798 1765 20

128 1767 402 1863 Otslllgjflgiiiiefliiil
422 1794 589 1834 cionem
622 1795 735 1847 regni
771 1795 832 1834 sui
866 1796 931 1834 vel
963 1795 1038 1834 Dei
1073 1794 1270 1834 iniuriam
1292 1793 1328 1845 ²³³²,
1353 1795 1409 1834 sic
1442 1808 1526 1833 non
1561 1804 1741 1848 possunt
1762 1804 1835 1837 ι65Ε

215 1842 320 1871 mi’m'
421 1866 650 1904 concedere
694 1864 962 1918 privilegium
1015 1865 1131 1918 quod
1185 1864 1351 1904 inferret
1399 1878 1472 1917 per
1524 1879 1565 1904 se
1617 1865 1739 1904 alicui

422 1934 618 1974 iniuriam
664 1935 727 1973 vel
773 1936 887 1988 quod
933 1934 1155 1974 occasione
1199 1935 1295 1974 data
1339 1935 1424 1973 suis
1469 1935 1645 1974 subditis
1689 1935 1740 1975 sit

420 2005 724 2056 dampnosum.
761 2004 992 2044 Concessio
1038 2005 1151 2043 enim
1197 2006 1286 2044 talis
1333 2006 1509 2045 subdola
1555 2019 1640 2044 non
1680 2014 1740 2044 est

421 2074 649 2125 concessio,
674 2075 781 2114 sicut
814 2088 889 2113 nec
913 2074 1129 2114 luciferina
1152 2075 1377 2127 promissio
1401 2075 1571 2115 Matthei
1591 2076 1680 2126 IVO,
1701 2090 1738 2127 9,
1758 2085 1796 2117 25

418 2157 501 2197 qua
536 2145 631 2184 Jesu
669 2154 813 2184 nostro
850 2144 949 2183 false
984 2145 1233 2197 promiserat
1270 2146 1385 2198 quod
1419 2146 1561 2185 omnia
1600 2158 1740 2198 regna

419 2214 568 2253 mundi
609 2214 691 2254 sihi
734 2214 872 2265 daret,
905 2215 944 2254 si
976 2215 1134 2254 cadens
1167 2215 1304 2266 ipsum
1340 2215 1604 2265 adoraverit,
1655 2229 1740 2253 non

420 2283 564 2323 fuisset
609 2284 804 2331 donacio,
839 2297 913 2323 nec
949 2284 1007 2322 fas
1041 2293 1101 2323 est
1135 2285 1419 2338 dogmatizare
1463 2286 1586 2325 istam
1631 2286 1738 2324 blas-

418 2353 645 2405 phemiam,
680 2363 725 2393 ut
758 2368 807 2393 co
841 2354 933 2407 ipso
968 2368 1053 2408 quo
1078 2355 1271 2407 princeps
1295 2364 1484 2394 terrenus
1515 2355 1740 2394 decreverit

417 2424 473 2462 sic
527 2438 627 2475 esse,
682 2425 868 2477 sequitur
919 2426 1035 2477 quod
1089 2425 1139 2463 sit
1193 2424 1364 2473 iustum,
1417 2424 1517 2478 quia
1570 2434 1796 2466 sanctus'30

418 2494 815 2533 Nalmchodonomn·
837 2494 906 2547 qui
940 2494 1016 2533 fuit
1039 2508 1148 2533 unus
1181 2495 1230 2533 de
1263 2495 1580 2547 potencioribus
1614 2509 1736 2533 mon-

416 2563 549 2601 archis
582 2578 603 2601 a
637 2565 782 2603 mundi
821 2564 1028 2616 principio
1063 2578 1148 2602 non
1184 2565 1322 2616 potuit
1355 2564 1571 2604 vendicare
1617 2564 1735 2603 istam

416 2633 668 2685 potenciam,
702 2647 798 2673 cun]
833 2634 907 2672 soli
944 2634 1032 2673 Deo
1066 2635 1117 2674 sit
1150 2635 1332 2687 propria.
1383 2636 1434 2674 Et
1466 2635 1558 2673 dico
1598 2634 1737 2687 ipsum

468 2828 495 2854 N,
526 2827 563 2853 1¹1:
595 2831 699 2853 exacta
730 2835 811 2854 cnm.
930 2836 970 2859 ιι,
995 2835 1052 2854 non
1077 2833 1185 2862 potest.
1208 2836 1249 2854 sc.
1272 2829 1417 2855 incidere.
1529 2837 1566 2863 17.
1594 2830 1634 2857 12.
1669 2829 1735 2856 talis

415 2874 605 2908 blasphemie
639 2874 666 2900 in
700 2874 791 2900 codd.
946 2884 986 2909 ις).
1020 2877 1045 2902 Λ
1081 2876 1108 2902 in
1144 2883 1256 2909 marga
1288 2875 1468 2902 Conclusio.
1617 2877 1662 2903 26.
1699 2876 1734 2902 1³:

415 2926 520 2947 contra
540 2920 628 2951 „lc-sn:
651 2929 727 2955 qun
751 2919 843 2946 adde:
867 2920 1019 2947 diabolus.
1164 2922 1208 2948 28.
1230 2923 1257 2948 Α
1279 2922 1307 2948 in
1330 2930 1447 2956 marga
1471 2922 1651 2950 Conclusio.
