2045 3312
83 272 165 321 462
816 278 1042 311 JOHANle
1069 279 1265 311 wvcmr.
1489 266 1595 325 [CAP.
1620 278 1698 306 xix,

377 385 427 422 de
461 384 728 435 possessione
761 398 835 423 sua
858 384 999 437 egenis
1027 384 1205 424 tribuere
1239 394 1278 424 et
1300 386 1357 425 sic
1378 399 1513 439 usque
1536 387 1587 425 ad
1611 399 1696 425 non
1720 395 1795 441 192b
1814 397 1851 430 R

374 454 567 505 gradum,
602 463 641 493 et
664 453 720 493 sic
743 454 1033 494 renunciando
1065 454 1226 494 cunctis
1250 469 1332 508 que
1362 455 1549 508 possidet
1580 457 1697 510 sequi

375 523 589 563 Christum
616 524 657 563 in
681 525 920 577 evangelica
948 535 1206 578 paupertate.
1241 526 1452 577 Secundo,
1487 526 1587 578 quia
1609 536 1694 566 tam
1712 539 1737 572 2

376 594 604 633 necessaria
633 603 693 634 est
718 595 828 635 clero
854 596 986 635 modo
1009 595 1311 648 temporalium
1336 596 1560 649 possessio,
1594 597 1700 637 sicut

375 663 453 703 fuit
496 664 575 703 alia
621 674 807 718 potestas
852 679 1049 705 concessa
1098 679 1122 705 a
1161 665 1329 705 Christo
1369 666 1420 705 ad
1460 665 1732 711 faciendum5

374 735 588 787 miracula,
646 736 715 774 sed
771 744 922 775 notum
961 745 1021 775 est
1059 737 1175 789 quod
1216 745 1386 789 propter
1424 737 1558 776 nullas
1610 751 1697 776 cor-

375 806 537 857 porales
571 805 822 845 elemosinas
856 806 925 845 dat
957 807 1069 845 Deus
1110 806 1285 846 meliora
1319 805 1537 846 carismata
1570 820 1695 859 quam

376 875 454 915 suit
498 885 683 928 potestas
729 875 906 915 faciendi
955 876 1178 927 miracula;
1230 890 1329 929 ergo
1381 885 1553 929 propter
1596 877 1699 916 tales

377 946 629 985 elemosinas
663 960 748 985 non
784 945 954 999 recipiet
986 946 1239 985 distribuens
1269 946 1490 986 carismata
1512 947 1696 999 pociora.

376 1015 534 1054 Ymmo
597 1029 695 1055 cum
758 1016 1016 1055 necessarior
1084 1016 1134 1056 sit
1204 1018 1334 1056 modo
1396 1017 1698 1070 temporalium
1719 1039 1757 1059 ιο

375 1085 586 1139 possessio
621 1100 751 1139 quam
784 1095 969 1139 potestas
995 1086 1168 1126 faciendi
1194 1087 1408 1137 miracula,
1443 1097 1482 1127 et
1515 1087 1700 1140 quelibet

375 1156 501 1208 partis
521 1157 798 1209 possessionis
822 1157 996 1210 particio
1021 1159 1210 1210 perderet
1233 1158 1347 1197 illarn
1372 1159 1698 1211 possessionem,

375 1240 469 1265 cum
511 1227 563 1266 sit
606 1241 668 1266 res
713 1227 957 1276 inanimata,
1011 1227 1176 1267 videtur
1226 1228 1341 1281 sequi
1395 1242 1441 1267 ex
1492 1228 1699 1282 principio

376 1298 491 1349 quod
538 1297 698 1337 fatuum
742 1297 848 1336 foret
887 1298 996 1337 clero
1036 1298 1350 1350 possessionato
1386 1299 1696 1351 possessionem

375 1381 496 1407 suam
530 1368 716 1420 perdere.
752 1369 838 1407 Nec
871 1369 979 1407 valet
1012 1368 1146 1422 egenti
1176 1369 1350 1423 allegare
1384 1369 1755 1422 possessionato15

377 1438 490 1489 quod
532 1438 582 1476 de
620 1437 835 1490 superfluo
874 1438 939 1477 vel
978 1438 1261 1491 principaliter
1305 1439 1537 1480 necessario
1579 1440 1700 1479 debet

375 1507 555 1546 tribuere
578 1507 615 1557 ²³³,
640 1508 738 1560 quia
784 1507 848 1562 (ut
897 1508 1085 1561 sequitur
1137 1523 1183 1548 ex
1236 1509 1443 1562 principio
1488 1510 1795 1563 sapiencieisfl‘

374 1575 613 1632 dyabolice)
647 1578 772 1617 nichil
796 1587 858 1617 est
890 1579 1039 1618 clerico
1073 1580 1386 1631 possessionato
1420 1580 1697 1633 superfluum,

374 1647 447 1685 sed
479 1648 529 1686 de
562 1657 723 1700 quanto
758 1648 852 1700 plus
885 1649 1086 1701 possidet,
1126 1636 1175 1688 de
1209 1658 1326 1689 tanto
1360 1651 1477 1703 quod
1510 1651 1696 1703 possidet

375 1726 435 1756 est
486 1717 561 1756 sibi
617 1718 748 1771 magis
810 1719 1104 1769 necessarium,
1168 1720 1266 1773 quia
1324 1721 1510 1773 complet
1568 1735 1697 1760 unam
1715 1741 1756 1762 20

374 1787 686 1839 possessionem
724 1802 919 1841 magnam
955 1790 1281 1829 necessariorem
1316 1791 1501 1831 ecclesie.

136 1867 221 1904 lsay
242 1869 306 1895 that
434 1858 532 1897 Ideo
566 1859 813 1898 detestando
848 1859 927 1898 hoc
961 1859 1147 1912 porisma
1180 1861 1229 1899 de
1262 1860 1374 1900 scola
1402 1861 1570 1914 dyaboli
1604 1861 1698 1901 dico

84 1911 358 1966 ’Ἱξῗέῗὲῗιοοῖὲᾱὲαης
376 1929 490 1980 quod
525 1929 780 1968 necessarior
813 1929 892 1969 fuit
924 1929 965 1968 in
999 1930 1109 1969 clero
1133 1930 1374 1970 dominacio
1398 1932 1700 1984 temporalium

84 1976 415 2036 'ndiiiirgffi'iiciii'ein
450 1997 659 2051 primitiva
693 1999 866 2038 ecclesia
898 1999 1102 2039 militante
1136 2014 1265 2053 quam
1299 2010 1360 2039 est
1392 2002 1536 2041 modo.
1583 2002 1701 2042 Patet

182 2052 262 2070 now.
376 2081 422 2106 ex
456 2068 537 2108 hoc
571 2069 687 2121 quod
727 2078 828 2108 tunc
874 2069 952 2109 fuit
996 2070 1139 2109 utilior
1186 2079 1225 2110 et
1269 2070 1509 2110 meritorior
1556 2080 1595 2111 et
1627 2085 1699 2125 per
1716 2080 1755 2112 25

377 2152 640 2192 consequens
664 2139 929 2179 necessarior.
955 2140 1079 2179 Tunc
1103 2140 1215 2179 enim
1239 2140 1316 2180 fuit
1336 2154 1438 2194 pure
1463 2141 1700 2195 evangelica

376 2208 485 2247 civili
509 2208 702 2247 dominio
734 2208 1013 2262 impermixta.
1048 2209 1230 2250 Ulterius
1254 2210 1348 2250 dico
1372 2212 1559 2251 secundo
1584 2212 1700 2265 quod

375 2287 560 2331 potestas
607 2278 783 2318 faciendi
837 2279 1038 2319 miracula
1089 2279 1167 2319 fuit
1212 2280 1468 2320 necessarior
1513 2281 1696 2329 ecclesie,

375 2362 500 2401 quam
548 2362 738 2402 unquam
784 2349 860 2389 fuit
898 2350 1197 2403 temporalium
1243 2350 1455 2404 possessio
1489 2353 1696 2404 quodam-

374 2420 505 2459 modo
538 2419 712 2468 infinite,
759 2420 857 2473 quia
895 2429 1082 2473 potestas
1114 2420 1183 2460 illa
1216 2430 1277 2460 est
1310 2430 1459 2461 natura
1492 2421 1756 2474 superior,30

101 2512 209 2539 Simon
233 2511 341 2547 Magus
375 2489 482 2528 sicut
525 2489 657 2530 virtus
703 2490 864 2530 excedit
909 2490 1028 2529 civile
1072 2490 1326 2531 dominium.
1381 2492 1502 2531 Unde
1535 2492 1696 2545 Symon

84 2555 149 2574 was
170 2547 261 2574 wiser
287 2549 357 2574 than

93 2583 178 2609 mese
198 2582 350 2617 mamers,
375 2573 522 2613 magus
574 2573 660 2599 non
712 2559 790 2599 fuit
841 2569 928 2600 tam
972 2559 1112 2600 fatuus
1157 2561 1259 2614 quin
1304 2561 1480 2601 libenter
1521 2561 1700 2601 voluerit

375 2638 660 2669 commutasse
684 2630 909 2683 pecuniam
939 2644 1016 2683 pro
1047 2639 1254 2683 potestate
1284 2631 1462 2671 faciendi
1485 2631 1697 2682 miracula,

425 2778 450 2805 3.
472 2786 500 2810 4.
536 2777 571 2804 13:
602 2781 663 2804 tam
686 2778 781 2805 multa
808 2782 862 2805 est.
1021 2786 1058 2806 12.
1097 2781 1124 2806 A
1145 2779 1174 2806 in
1197 2787 1313 2814 marga
1345 2779 1517 2814 Responsio
1552 2780 1697 2815 quedam.

378 2825 418 2852 16.
442 2824 479 2851 13:
502 2825 545 2851 vel
569 2824 734 2859 principio.
880 2832 923 2852 22.
945 2826 972 2853 A
987 2825 1008 2852 Β
1031 2826 1059 2853 in
1077 2834 1193 2861 marg:
1217 2826 1388 2860 Responsio
1404 2827 1540 2862 propria.
1565 2829 1698 2854 Potestas

379 2871 508 2898 laciendi
542 2871 692 2899 miracula
725 2879 848 2907 semper
879 2872 937 2899 fuit
965 2873 1070 2901 utilior
1101 2873 1230 2901 ecclesie
1268 2881 1363 2909 quarn
1394 2874 1474 2901 bona
1501 2873 1697 2908 temporalia.

377 2926 420 2952 27.
443 2919 469 2945 Α
485 2919 543 2952 Α,;
565 2919 764 2953 impermixti.
802 2921 830 2946 A
852 2920 880 2946 in
904 2926 1019 2954 marg.:
1043 2918 1221 2947 Conclusio.
1366 2919 1407 2948 32.
1431 2922 1458 2949 A
1479 2923 1536 2956 A,:
1557 2921 1662 2949 voluit.
