2045 3312
287 268 377 297 CAP.
414 258 497 317 xv]
785 272 844 304 DE
871 271 1107 303 ECCLEsm.

134 388 168 421 A
197 388 362 431 1752pro
406 378 501 417 cleri
553 378 616 418 sni
670 378 804 417 abusu
858 375 1081 416 elemosine
1125 376 1191 415 vel
1238 385 1499 429 contemptu.
1558 378 1610 417 Et

286 457 348 488 est
391 448 570 488 dubium
615 447 727 486 istud
778 445 1179 486 necessariissimum
1224 446 1276 485 ad
1328 447 1607 497 tractandum,

287 519 384 572 quia
415 518 559 558 multis
605 527 644 556 et
676 516 839 571 magnis
872 517 921 555 de
954 530 1083 570 regno
1117 525 1262 555 nostro
1294 515 1459 556 videtur
1492 518 1609 570 quod

286 602 379 641 pars
413 587 661 627 affirmativa
692 586 980 627 conclusionis
1025 586 1076 626 sit
1121 586 1217 626 satis
1252 585 1470 638 catholica,
1517 586 1607 626 aliis

252 668 427 701 §autem
471 657 763 711 pinguioribus
807 657 912 710 regis
952 656 1251 696 elemosinariis
1284 656 1448 696 videtur
1491 659 1608 710 quod

284 728 500 769 conclusio
533 727 584 767 sit
616 727 793 767 omnino
827 727 1018 767 heretica.
1066 728 1118 766 Et
1150 726 1436 767 indubitanter
1468 741 1607 766 assero

284 799 414 852 quod,
453 798 485 837 si
519 797 736 838 conclusio
769 798 846 838 ista
890 798 942 838 sit
986 797 1180 848 heretica⁷
1226 797 1448 850 supposito
1498 796 1607 837 facto

282 868 406 921 regali
452 881 600 922 regum
637 867 804 921 Anglie,
848 868 914 907 vel
957 876 1099 908 totum
1142 881 1321 921 regnum
1366 867 1431 907 vel
1475 867 1609 907 maior

283 952 377 992 pars
411 938 498 991 eius
543 947 603 978 est
647 938 794 978 exhinc
828 937 1031 979 infectum
1076 937 1256 978 heretica
1300 937 1524 991 pravitate3
1569 948 1608 978 et

230 1022 381 1052 mcum
425 1009 661 1049 sacerdotes
715 1018 754 1048 et
796 1008 1029 1062 specialiter
1076 1008 1262 1062 episcopi
1314 1018 1353 1048 et
1401 1008 1606 1048 scolastici

281 1078 395 1131 regni
428 1079 559 1118 nostri
592 1087 786 1119 tenentur
808 1079 1017 1132 predicere
1050 1078 1134 1131 regi
1168 1088 1206 1118 et
1234 1092 1364 1133 regno
1397 1093 1474 1118 suo
1497 1079 1605 1132 peri-

283 1149 441 1200 culum,
474 1158 589 1202 patet
620 1150 737 1203 quod
769 1149 847 1202 ipsi
881 1149 1113 1203 specialiter
1147 1158 1187 1189 et
1208 1163 1386 1203 regnum
1410 1163 1604 1190 commu-

283 1220 390 1259 niter
427 1228 622 1260 tenentur
665 1220 707 1258 in
753 1220 834 1260 isto
879 1229 1040 1273 puncto
1089 1233 1342 1273 cognoscere
1375 1220 1604 1261 veritatem.

283 1291 380 1329 Non
413 1290 527 1329 enim
559 1300 656 1331 sunt
693 1304 762 1330 rex
807 1299 847 1330 et
890 1303 1068 1343 regnum
1112 1291 1217 1330 adeo
1262 1291 1443 1331 indurati
1488 1291 1605 1345 quin,

229 1374 263 1406 15
283 1361 409 1400 docto
442 1361 559 1414 quod
592 1361 747 1414 dogma
786 1361 891 1400 illud
924 1360 1029 1400 foret
1062 1360 1306 1413 hereticum,
1344 1361 1487 1415 ipsum
1519 1376 1605 1401 non

281 1430 463 1483 amplius
496 1431 783 1483 practizarent,
823 1432 895 1471 sed
927 1433 979 1471 ad
1011 1446 1161 1472 vocem
1193 1431 1476 1472 multitudinis
1509 1432 1606 1472 cleri

281 1500 344 1539 sui
389 1500 555 1540 concito
594 1511 850 1543 revocarent.
903 1502 969 1542 Sic
1013 1502 1127 1542 enim
1173 1503 1225 1542 ad
1268 1501 1606 1555 predicacionem

279 1571 382 1610 Jone
415 1570 599 1611 Ninivite
630 1571 850 1612 salubriter
881 1572 1124 1625 penitebant
1157 1571 1222 1626 (ut
1260 1582 1375 1626 patet
1402 1574 1505 1613 Jone
1530 1574 1605 1613 IIIO

281 1650 319 1680 ct
351 1641 524 1681 Matthei
548 1640 679 1696 X110),
713 1641 769 1682 sic
803 1642 935 1682 eciam
969 1643 1347 1696 Nabugodonozor
1379 1657 1604 1684 conversus

225 1736 265 1756 20
281 1721 341 1751 est
373 1711 424 1750 ab
458 1710 701 1751 infidelitate
749 1721 788 1752 et
821 1712 1002 1752 salvatus
1047 1712 1225 1753 finaliter
1256 1713 1411 1753 virtute
1444 1714 1519 1753 Dei
1565 1724 1605 1755 et

281 1781 509 1834 prudencia
542 1781 724 1821 Danielis
759 1780 823 1837 (ut
856 1791 971 1835 patet
1009 1783 1052 1822 in
1086 1796 1248 1824 canone
1275 1784 1425 1836 XXIII,
1458 1799 1497 1837 q.
1533 1785 1602 1825 IV.

282 1851 684 1892 Nabuchodonosor
729 1866 776 1892 ex
824 1852 995 1893 historia
1027 1854 1235 1907 prophete
1281 1864 1321 1894 et
1358 1854 1603 1895 testimonio

282 1919 551 1976 Augustini);
591 1931 630 1961 et
652 1935 792 1961 revera
816 1922 979 1963 videtur
1003 1923 1137 1963 maior
1159 1924 1384 1977 disposicio
1406 1925 1447 1964 in
1472 1939 1602 1977 regno

280 2000 426 2031 nostro
453 2001 492 2032 et
513 1992 600 2032 eius
624 1992 883 2045 principibus
906 2007 1035 2047 quam
1060 1994 1137 2034 fuit
1162 1994 1205 2033 in
1227 1994 1415 2048 predicto
1438 1996 1602 2048 populo

224 2061 451 2107 25infideli.
505 2063 740 2111 Quomodo
793 2076 890 2116 ergo
945 2063 1050 2103 foret
1101 2064 1234 2104 fidelis
1285 2065 1350 2104 vel
1395 2065 1603 2106 caritative

280 2132 455 2186 diligens
487 2146 627 2187 regern
662 2147 787 2173 suum
810 2132 881 2187 qui
914 2135 1073 2174 videret
1104 2135 1247 2188 ipsum
1280 2149 1328 2175 ex
1360 2136 1603 2190 ignorancia

280 2216 405 2256 super
438 2216 556 2243 oram
589 2203 737 2243 baratri
770 2212 966 2256 paratum
998 2205 1049 2244 ad
1072 2205 1350 2259 precipicium
1382 2207 1600 2260 sempiter-

280 2286 382 2312 num
409 2282 450 2313 et
474 2273 690 2314 assistente
712 2274 934 2314 revocandi
962 2274 1117 2315 noticia
1138 2276 1181 2315 in
1204 2290 1301 2329 sepe
1317 2277 1602 2317 conversionis

280 2356 327 2382 ex
350 2343 578 2396 negligenti
611 2344 769 2384 desidia
791 2344 1052 2398 permitteret
1084 2354 1171 2386 tarn
1198 2360 1369 2400 gravem
1390 2348 1602 2401 populum

223 2413 322 2456 30in
355 2426 529 2466 corpore
573 2422 612 2453 et
656 2414 796 2454 anima
827 2423 1033 2468 perpetuo
1066 2415 1247 2468 interire,
1295 2417 1528 2470 specialiter
1570 2418 1601 2457 si

280 2483 331 2521 ad
364 2484 670 2536 speculandum
702 2494 741 2524 et
770 2485 1102 2537 prenarrandum
1133 2486 1239 2538 regis
1273 2496 1312 2527 et
1345 2487 1457 2541 regni
1492 2489 1599 2541 peri-

281 2552 374 2592 cula
405 2553 458 2593 sit
489 2553 700 2607 pinguiter
731 2552 983 2607 premiatus?
1028 2556 1180 2595 Nonne
1213 2556 1312 2596 dicit
1343 2557 1457 2597 Deus
1503 2572 1598 2611 pro—

331 2699 356 2727 5.
379 2699 416 2726 15:
439 2699 519 2735 regis
534 2716 566 2720 —-
579 2700 700 2728 videtur
721 2700 815 2728 deest.
908 2710 946 2737 ¹7·
971 2702 1006 2728 13:
1023 2702 1165 2730 concicio
1181 2710 1372 2733 revocarent.
1459 2714 1501 2733 22.
1517 2707 1545 2733 A
1569 2707 1597 2733 in

280 2754 392 2780 marga
436 2746 733 2775 Nabuchodonosor
769 2747 905 2775 salvatus
944 2753 999 2775 est.
1144 2758 1188 2784 27.
1219 2750 1258 2777 ss:
1298 2752 1336 2779 ad
1376 2752 1597 2787 precipucium.

278 2793 323 2819 28.
344 2793 372 2819 Α
393 2793 450 2827 Al:
473 2793 502 2820 in
522 2802 596 2829 sepe
617 2794 842 2822 conversionis.
986 2794 1032 2823 30.
1056 2796 1095 2823 B:
1117 2797 1242 2825 interire
1264 2799 1360 2826 deest.

338 2912 389 2932 ει.
418 2901 515 2933 Decr.
543 2902 570 2933 II
597 2912 686 2944 pars,
713 2912 815 2934 causa
841 2903 960 2944 XXIII,
986 2915 1019 2946 q.
1047 2905 1103 2944 IV,
1130 2916 1157 2936 c.
1186 2907 1289 2937 XXII.

1631 945 1723 981 Many
1742 946 1831 973 think
1852 945 1889 973 he

1635 989 1716 1017 may,
1737 981 1796 1008 and
1818 981 1881 1008 that

1669 1017 1718 1043 the
1739 1017 1843 1051 clergy

1632 1051 1743 1078 should
1764 1052 1813 1078 tell
1836 1051 1887 1079 the

1690 1086 1763 1121 king
1783 1094 1829 1113 so.
