2045 3312
183 248 258 287 118
883 255 1108 288 JOHANNIS
1134 255 1330 287 WYCLIF.
1603 241 1710 299 [CAP.
1733 253 1786 280 νι.

207 371 419 443 ’ξὲιᾶεὲτέῃῑεψῖἰῧ
466 363 703 416 loquuntur
748 363 798 401 de
840 370 1072 412 contractu,
1119 362 1169 401 de
1217 361 1475 414 cognacione
1526 371 1565 402 et
1606 363 1942 419 despon-1441113

196 443 270 470 such
292 443 438 490 relations
467 432 635 473 sacione
681 432 847 484 carnali,
893 445 979 471 non
1024 441 1167 472 autem
1199 432 1418 486 spirituali,
1451 433 1558 473 sicut
1590 433 1791 474 debemus

178 478 584 557 Sh2ssiiiitiiiiil'iiimloqui
616 503 658 542 in
691 502 914 557 proposito
950 511 988 542 et
1021 516 1070 542 eo
1111 503 1314 544 debemus
1355 517 1448 543 eam
1485 503 1617 558 magis
1656 513 1789 544 atten-

467 574 575 626 dere,
609 587 696 627 quo
730 582 792 612 est
823 572 1066 626 preciosior,
1099 573 1295 627 proprior
1329 582 1368 614 et
1389 573 1431 613 in
1454 573 1656 627 scriptura
1679 587 1792 615 sacra

468 643 713 697 expressior.
1808 658 1824 691 5

525 715 635 754 Nam
667 714 903 754 secundum
937 713 1054 753 illam
1086 727 1237 754 omnes
1270 715 1456 754 salvandi
1489 724 1587 756 sunt
1609 715 1683 755 filii
1715 715 1836 763 Deio

468 794 506 825 et
537 785 622 824 veri
654 783 795 824 fratres
820 798 867 824 ex
890 792 1071 838 utroque
1094 794 1277 838 parente,
1300 799 1402 838 ymo
1428 786 1663 826 secundum
1684 785 1790 840 logi-

467 869 560 895 cam
593 854 747 895 Christi
779 854 1054 894 rectissimam
1086 854 1261 894 Matthei
1294 855 1405 907 XII⁰,
1428 856 1502 896 50:
1538 856 1791 910 Quicunque

467 925 578 965 filius
610 924 725 979 regni
761 924 1019 965 voluntatem
1047 926 1193 978 patris
1224 926 1293 965 sui
1314 925 1482 979 fecerit
1511 927 1584 979 qui
1615 927 1657 966 in
1691 927 1792 967 celis

468 1002 542 1045 est,
576 996 665 1048 ipse
699 1007 806 1035 suus
828 994 992 1049 frater,
1026 1008 1156 1035 soror
1187 1003 1231 1036 et
1261 1002 1400 1036 mater
1433 1003 1506 1037 est.
1540 997 1593 1037 Et
1625 996 1682 1037 sic
1704 997 1792 1037 sine
1812 1022 1851 1043 10

469 1065 741 1106 distinccione
774 1080 895 1106 sexus
940 1066 1168 1119 spiritualis
1218 1065 1358 1106 omnis
1402 1066 1649 1107 christianus
1698 1082 1792 1121 pre-

469 1136 713 1188 destinatus,
736 1136 821 1176 sive
854 1136 1066 1177 masculus
1099 1136 1183 1176 sive
1207 1135 1375 1189 femina,
1401 1146 1461 1177 est
1493 1136 1628 1192 frater,
1662 1152 1793 1191 soror,

191 1224 225 1243 as
245 1216 294 1243 1110
317 1215 442 1243 Church
470 1216 605 1246 mater
639 1215 678 1246 et
702 1220 858 1259 sponsa
882 1206 1050 1247 Christi.
1072 1207 1169 1247 Ideo
1186 1206 1462 1248 Canticorum
1484 1209 1558 1261 V0,
1589 1223 1621 1262 1,
1645 1208 1795 1249 dicitur

178 1251 374 1320 tiiirisgsslytiizii
396 1252 456 1314 1shli‘e
471 1276 659 1317 ecclesie:
703 1275 807 1317 Veni
846 1279 887 1318 in
937 1285 1075 1318 ortum
1122 1291 1261 1318 meum
1310 1291 1438 1318 soror
1482 1292 1575 1319 mea
1619 1292 1793 1332 sponsa.

215 1321 410 1392 ¹Ssgr³iliiiirssi¹
470 1348 583 1389 Ymo
617 1347 789 1388 ecclesia
820 1357 881 1388 est
911 1362 1005 1388 vere
1029 1349 1182 1388 domus
1215 1348 1304 1400 Dei,
1328 1348 1469 1388 civitas
1491 1349 1597 1403 regis
1619 1350 1794 1403 iusticie,
1815 1363 1851 1395 15

471 1431 651 1471 regnum
698 1418 901 1471 celorum,
936 1428 1052 1459 ortus
1102 1419 1341 1471 conclusus,
1386 1418 1481 1458 fons
1522 1420 1711 1473 signatus
1757 1430 1796 1461 et

471 1488 551 1529 alia
584 1503 666 1543 que
698 1489 904 1543 scriptura
936 1491 988 1530 ad
1022 1503 1195 1530 sensum
1227 1489 1444 1530 misticum
1476 1490 1552 1530 sibi
1594 1490 1793 1533 attribuit.

470 1561 581 1600 Nam
613 1560 656 1599 in
702 1560 987 1614 spiritualibus
1032 1562 1180 1601 eadem
1224 1561 1463 1601 substancia
1508 1562 1634 1601 habet
1670 1561 1712 1600 in
1753 1577 1795 1601 se

470 1629 556 1669 SIne
579 1630 864 1684 repugnancia
881 1631 1088 1685 quotlibet
1102 1631 1291 1672 raciones
1311 1645 1405 1671 vere
1430 1645 1577 1671 earum
1600 1631 1793 1672 denomi-

470 1701 681 1753 naciones,
715 1710 762 1741 ut
794 1702 1084 1755 exemplariter
1121 1702 1261 1742 videre
1300 1715 1531 1755 possumus
1572 1704 1792 1756 quomodo
1810 1725 1852 1747 20

470 1771 776 1812 contrariorum
819 1772 977 1825 species
1023 1781 1062 1812 et
1112 1772 1372 1812 intenciones
1424 1781 1522 1812 sunt
1573 1772 1700 1812 simul
1751 1773 1793 1812 in

469 1841 611 1882 medio
645 1852 684 1882 et
716 1842 758 1881 in
792 1852 946 1883 mente.
980 1843 1034 1883 Et
1064 1843 1134 1883 ille
1167 1843 1238 1897 qui
1271 1843 1437 1896 ignorat
1468 1843 1549 1882 hoc
1589 1852 1651 1883 est
1671 1843 1792 1883 valde

470 1911 745 1965 indispositus
779 1914 831 1952 ad
867 1914 1214 1966 cognoscendum
1258 1913 1462 1953 catholice
1500 1913 1604 1953 illud
1644 1915 1793 1953 celeste

471 1982 730 2037 coniugium.
765 1985 875 2024 Nam
906 1984 1030 2024 Ysaie
1053 1984 1224 2036 XXVIO,
1256 1999 1287 2036 1,
1312 1983 1462 2023 dicitur
1485 1984 1536 2023 de
1559 1983 1730 2024 Christo
1755 1992 1794 2024 et

470 2062 613 2093 sancta
656 2053 846 2094 ecclesia:
893 2054 1093 2095 Salvator
1134 2060 1325 2108 ponetur
1373 2055 1415 2094 in
1464 2067 1514 2094 ea
1563 2068 1715 2095 murus
1758 2061 1851 2099 et25

473 2125 761 2164 antemurale.
825 2124 1017 2165 Christus
1071 2125 1185 2164 enim
1236 2125 1472 2164 secundum
1531 2124 1794 2164 divinitatem

472 2194 699 2234 inmediate
743 2195 1039 2248 complectitur
1076 2209 1276 2248 sponsam
1314 2208 1448 2246 suam,
1489 2203 1529 2234 et
1561 2196 1795 2235 secundum

471 2264 781 2305 humanitatem
813 2279 897 2319 qua
928 2266 1117 2306 minutus
1151 2274 1212 2306 est
1250 2265 1522 2318 paulominus
1555 2267 1606 2305 ab
1639 2266 1794 2319 angelis

473 2344 533 2375 est
564 2336 837 2388 antemurale,
872 2336 970 2390 quia
1003 2336 1085 2376 dux
1109 2336 1205 2376 belli
1231 2336 1320 2375 diro
1345 2335 1570 2376 certamine
1593 2349 1794 2388 superans

473 2405 612 2445 hostes
636 2406 818 2457 ecclesie,
843 2415 882 2446 et
897 2406 953 2446 sic
970 2407 1019 2446 de
1035 2406 1243 2460 quotlibet
1261 2406 1498 2446 racionibus
1517 2419 1620 2460 quas
1644 2419 1793 2445 omnes
1810 2417 1852 2448 30

474 2476 741 2529 apostolusI³
764 2476 956 2517 Corinth.
990 2477 1102 2528 XV0,
1138 2477 1189 2515 28
1225 2476 1525 2530 compendiose
1548 2475 1792 2528 complecti—

475 2556 552 2597 tur,
587 2547 729 2586 dicens
762 2548 877 2601 quod
914 2547 1113 2588 Christus
1146 2554 1208 2587 est
1239 2548 1383 2587 omnia
1418 2547 1460 2586 in
1494 2547 1703 2588 omnibus.

533 2617 654 2656 Unde
677 2615 702 2643 ²³³
725 2617 854 2670 ignari
889 2617 1090 2670 scripture
1124 2617 1335 2657 divertunt
1374 2618 1425 2656 ad
1470 2617 1571 2656 tales
1615 2616 1944 2669 pueriles145⁰D

475 2686 714 2738 instancias,
764 2688 936 2740 quando
980 2687 1148 2727 aliunde
1201 2686 1400 2727 deficiunt
1458 2696 1703 2740 argumenta
1755 2696 1795 2727 et

476 2756 620 2797 dicunt
652 2758 767 2810 quod
800 2757 1004 2811 scriptura
1028 2767 1169 2798 nostra
1193 2767 1252 2798 est
1276 2757 1545 2811 impossibilis
1564 2757 1606 2796 in
1628 2766 1824 2800 tantuml

528 2879 574 2904 2!-
596 2870 701 2903 Ysaic·;
741 2870 841 2898 (lodd.
864 2871 1023 2898 Ysidorus.
1068 2871 1207 2898 Correxi.
1350 2870 1397 2898 26.
1436 2871 1513 2898 Ain
1536 2879 1650 2905 marg.:
1682 2869 1795 2898 Christi

477 2923 635 2952 respectus
657 2917 694 2944 ad
716 2917 892 2945 ecclc-siam.
1001 2916 1043 2945 33.
1066 2918 1094 2944 A
1114 2918 1143 2945 in
1166 2925 1283 2953 marg:
1306 2916 1425 2952 Duplex
1445 2916 1562 2953 opinio.
