2045 3312
132 290 209 340 392
860 294 1085 326 JOHANNlS
1117 291 1312 323 WYCLtr.
1525 276 1630 335 [cAr.
1651 286 1746 315 xvu.

133 412 404 477 ‘Zffirgssgieugefd
423 402 647 456 scripturas
682 411 767 440 tam
801 399 842 438 in
876 398 990 439 libris
1023 398 1228 452 legalibus
1251 410 1381 450 quam
1413 395 1746 449 prophetalibus,
1769 408 1844 443 ¹83³1
1869 410 1900 444 0

138 484 329 545 ιῐποιὸςηρῑυτ
349 482 398 509 the
419 471 461 511 in
495 471 609 512 libris
641 470 926 511 historialibus
958 479 1000 510 et
1029 468 1363 523 sapiencialibuS.
1398 467 1520 507 Unde
1552 465 1747 520 frequen-

249 539 255 544 ’
310 539 315 544 ’
424 542 511 582 cius
546 541 595 597 (si
631 555 717 581 non
752 538 892 594 fallor)
926 539 972 580 fit
1005 539 1176 580 mencio
1210 538 1251 578 in
1273 538 1363 591 lege
1387 537 1513 576 veteri
1538 537 1589 576 de
1618 545 1749 576 matre

421 621 561 652 nostra
608 611 684 652 sub
736 610 908 650 nomine
957 609 1126 650 ecclesie
1171 622 1297 663 quam
1355 607 1397 646 in
1443 620 1567 648 nova.
1628 606 1750 647 Unde

425 683 523 736 quia
568 682 671 722 liber
714 681 981 721 Psalmorum
1027 689 1087 720 est
1130 680 1249 719 valde
1294 677 1543 728 autenticus,
1589 675 1689 730 quia
1727 690 1783 723 a5

428 752 604 792 domino
650 752 851 805 allegatus
898 760 936 791 et
988 750 1259 791 communius
1305 748 1346 788 in
1398 761 1470 787 ore
1521 746 1749 800 presbyteri

429 823 698 874 exclamatus,
738 831 981 861 notaremus
1014 820 1117 860 illud
1150 818 1304 859 Psalmi
1337 818 1466 869 XXF,
1511 817 1576 857 26.
1634 818 1749 870 Aput

426 901 464 934 te
501 894 598 933 laus
630 906 724 933 mea
759 893 799 931 in
834 891 1014 932 ecclesia
1054 904 1229 944 magna,
1264 898 1303 929 et
1334 888 1504 928 Psalmo
1537 887 1750 938 XXXIV⁰‚

437 965 497 1016 18,
531 963 701 1003 dicitur:
760 962 1006 1016 Confitebor
1051 961 1125 1001 tibi
1169 961 1210 1000 in
1262 959 1441 999 ecclesia
1493 971 1667 1012 magna,
1713 966 1752 997 et

427 1033 597 1074 Psalmo
644 1032 852 1084 CXLIX0,
905 1042 943 1072 1:
1009 1032 1128 1072 Laus
1172 1032 1263 1072 eius
1310 1031 1350 1069 in
1404 1029 1582 1069 ecclesia
1626 1041 1811 1074 sanc-,0

427 1111 585 1144 torum.
644 1105 698 1143 Et
742 1103 799 1142 sic
845 1102 1019 1155 exponit
1050 1101 1315 1155 Augustinus
1348 1099 1553 1139 maiorem
1592 1107 1754 1152 partem

430 1174 716 1225 Psalmorum,
750 1173 907 1213 dictam
941 1173 990 1212 de
1023 1171 1195 1212 ecclesia
1226 1171 1291 1210 vel
1323 1170 1365 1209 in
1398 1182 1580 1224 persona
1624 1168 1753 1208 eccle-

428 1245 499 1297 sie,
533 1244 641 1284 sicut
671 1243 909 1297 loquuntur
940 1242 1031 1282 libri
1065 1241 1133 1281 alii
1155 1241 1304 1281 veteris
1335 1239 1589 1281 testamenti.
1631 1238 1754 1279 Unde

427 1315 574 1355 beatus
599 1313 841 1366 Gregorius,
865 1312 1032 1352 Omelia
1053 1311 1183 1363 Xlxa,
1217 1324 1431 1364 exponens
1454 1309 1558 1349 illud
1580 1308 1753 1348 Matthei

137 1392 413 1457 igiissiiileersointiiie
425 1385 517 1436 XX,
559 1394 595 1424 1:
631 1383 776 1424 Simile
808 1391 871 1424 est
891 1396 1078 1437 regnum
1110 1383 1299 1422 celorum
1323 1381 1485 1421 homini
1512 1378 1809 1434 patrifam-15

199 1464 359 1501 vineyard-
430 1456 527 1496 ilias
570 1455 642 1509 qui
685 1455 788 1494 exiit
817 1454 962 1507 primo
1002 1466 1127 1493 mane
1173 1452 1414 1492 conducere
1446 1450 1668 1504 operarios
1706 1450 1747 1489 in

430 1526 596 1565 vineam
643 1538 783 1576 suam,
829 1524 1008 1564 declarat
1064 1523 1278 1577 quomode
1320 1520 1648 1576 paterfamilias
1693 1527 1755 1560 est

431 1595 625 1636 conditor
658 1603 803 1635 noster
834 1594 907 1648 qui
930 1594 971 1633 in
999 1607 1153 1645 magna
1175 1594 1306 1632 domo
1329 1606 1403 1631 sua
1427 1591 1539 1645 regit
1560 1590 1752 1644 Singula,

430 1667 500 1706 sed
529 1665 761 1719 specialiter
792 1678 913 1704 suam
936 1663 1168 1704 ecclesiam.
1223 1663 1334 1716 Ipse,
1368 1661 1518 1715 inquit,
1551 1660 1674 1700 hahet
1695 1661 1752 1700 vi-

432 1749 572 1788 neam,
600 1736 760 1776 scil-icet
784 1735 1031 1774 universam
1056 1733 1282 1774 ecclesiam
1306 1745 1384 1786 que
1408 1732 1460 1771 ab
1483 1727 1755 1770 Abelssz'usto
1777 1742 1852 1775 183⁰

434 1820 567 1861 usque
601 1806 660 1846 ad
694 1806 889 1846 ultimum
924 1804 1103 1845 electum
1148 1805 1221 1858 qui
1253 1804 1293 1843 in
1315 1803 1412 1857 fine
1445 1801 1594 1841 mundi
1616 1801 1755 1840 nasci-

433 1886 560 1918 turus
594 1883 654 1917 est
686 1884 784 1931 quot
818 1882 990 1917 sanctos
1015 1875 1199 1929 protulit
1231 1881 1288 1914 tot
1313 1873 1515 1927 palmites
1548 1872 1671 1912 misit.
1705 1872 1758 1911 Et

433 1958 533 2002 post
567 1947 842 2002 prosequitur
873 1946 1095 2000 quomodo
1130 1945 1240 1985 dicta
1273 1944 1445 1984 ecclesia
1485 1956 1608 1982 mane
1652 1942 1756 1981 hora

435 2019 574 2070 tercia,
607 2028 733 2069 sexta,
767 2030 883 2056 nona
916 2025 955 2056 et
987 2015 1212 2056 undecima
1244 2014 1392 2054 habuit
1425 2014 1606 2053 cultores
1638 2011 1758 2051 vinee

437 2089 608 2130 ecclesie
640 2102 748 2143 quos
780 2087 947 2127 vocavit
979 2095 1019 2126 et
1052 2085 1244 2126 excitavit
1276 2085 1327 2124 ad
1368 2084 1596 2124 colendum
1628 2082 1755 2122 eccle·
1774 2093 1815 2126 25

435 2159 540 2199 siam
573 2168 613 2199 et
644 2157 749 2197 vicia
782 2157 1089 2210 extirpandum.
1124 2156 1215 2195 Illas
1249 2164 1392 2194 autem
1414 2153 1603 2208 quinque
1633 2152 1758 2192 horas

436 2229 589 2269 limitat
622 2229 698 2269 iste
731 2238 900 2267 sanctus
932 2241 1042 2281 papa
1075 2240 1148 2280 per
1186 2225 1374 2279 quinque
1423 2233 1550 2263 etates
1595 2222 1756 2262 mundi.

437 2300 569 2340 Modo
615 2312 700 2339 non
745 2298 925 2338 dubium
968 2297 1033 2336 vel
1078 2310 1176 2336 ceco
1219 2296 1372 2348 logico,
1419 2294 1450 2333 si
1496 2293 1617 2332 vinea
1660 2291 1757 2331 dicti

437 2369 745 2424 patrisfamilias
780 2368 830 2408 sit
871 2369 923 2407 ad
962 2380 1134 2407 sensum
1167 2365 1382 2406 misticum
1414 2373 1554 2404 sancta
1587 2361 1759 2402 ecclesia

489 2505 518 2529 4.
541 2497 567 2523 Α
588 2496 617 2522 in
641 2502 755 2528 marga
777 2493 914 2521 Ecclesia
942 2498 1050 2520 vocata
1078 2497 1122 2520 est
1150 2492 1207 2519 sub
1229 2491 1356 2518 nomine
1383 2491 1510 2517 ecclesie
1538 2497 1594 2524 pro
1614 2494 1755 2524 tempore

437 2543 547 2570 veteris
580 2540 757 2569 testamenti
785 2540 900 2573 (Below
922 2538 986 2566 183¹)
1008 2539 1137 2567 without
1166 2539 1252 2566 mark
1277 2538 1312 2566 ot*
1329 2537 1509 2571 reference).
1654 2535 1682 2563 6.
1704 2535 1755 2562 B.:

438 2589 657 2617 communiens
681 2588 708 2615 in
732 2595 794 2614 ore.
834 2587 856 2614 B
872 2586 901 2614 in
918 2595 1033 2621 marg.:
1055 2586 1243 2622 Frequenter
1264 2585 1292 2612 in
1314 2584 1380 2619 lege
1401 2584 1497 2611 veteri
1518 2584 1549 2610 fit
1572 2582 1692 2610 mencio
1715 2581 1752 2609 de

438 2636 567 2664 ecclesia
595 2635 652 2662 snb
680 2635 806 2662 nomine
829 2634 968 2662 ecclesie.
1111 2640 1147 2660 12.
1178 2631 1212 2660 13.
1241 2632 1272 2658 ln
1300 2630 1407 2659 codd:
1443 2630 1582 2657 ecclesia.
1612 2628 1750 2656 Correxi.

440 2692 481 2717 ¹4·
503 2684 530 2711 A
553 2684 581 2710 in
613 2690 728 2716 marg.:
762 2681 944 2715 Gregorius.
1089 2687 1134 2707 20.
1158 2680 1195 2706 15:
1227 2687 1285 2714 que
1306 2679 1383 2706 Abel
1405 2678 1497 2705 insto.
1527 2678 1555 2704 A
1576 2678 1606 2703 in
1640 2683 1755 2709 marg:

439 2729 575 2757 Ecclesia
597 2733 666 2755 sunt
688 2736 797 2755 omnes
818 2729 902 2756 electi
924 2728 976 2763 qui
998 2731 1070 2754 sunt
1090 2730 1117 2753 et
1144 2725 1285 2761 palmites
1317 2726 1345 2752 in
1369 2723 1494 2752 Christo
1524 2723 1576 2758 qui
1598 2728 1642 2750 est
1672 2722 1752 2750 vitis.

440 2775 482 2803 23.
499 2775 537 2803 B:
683 2775 843 2810 quomodo
864 2775 965 2802 dunca
987 2773 1055 2808 (sic)
1077 2772 1215 2800 ecclesia.

505 2881 553 2913 ¹4·
584 2870 700 2902 Sancti
730 2869 890 2911 Gregorii
920 2870 980 2901 XL
1009 2869 1141 2901 Homil.
1176 2869 1207 2900 in
1242 2876 1363 2909 evang.
1403 2865 1460 2897 lib.
1489 2866 1512 2905 Ι,
1545 2865 1640 2896 hom.
1670 2863 1760 2896 XIX.

440 2930 530 2973 opp.
560 2937 643 2961 tom.
672 2929 694 2969 1,
727 2928 821 2961 1510.
