2045 3312
144 281 223 331 534
858 284 1084 318 JOHANNIS
1112 283 1310 316 wvcrffi.
1531 270 1638 327 [CAP.
1659 280 1755 309 xxu.

432 395 499 434 ubi
525 391 685 449 supra).
721 393 774 433 Et
807 401 924 447 patet
957 391 1074 445 quod
1099 391 1312 431 Traianus
1337 390 1517 430 decessit
1549 391 1590 430 in
1613 390 1756 443 gracia
1771 403 1852 433 201c
1875 400 1907 433 L

431 464 829 518 predestinacionis,
878 476 953 502 nec
1000 461 1145 502 audivi
1191 474 1367 501 suasum
1407 461 1523 514 quod
1566 474 1651 500 non
1685 460 1752 499 de-

431 535 553 574 cessit
586 535 627 574 in
661 534 802 587 gracia
826 533 1065 573 secundum
1095 540 1336 585 presentem
1371 531 1597 571 iusticiam.
1634 531 1758 571 Multi

166 616 237 645 Men
259 625 330 653 may
353 617 388 644 be
433 605 545 644 enim
607 612 720 644 extra
772 604 1031 643 iudaismum
1095 610 1212 641 erant
1272 600 1467 641 catholici
1522 599 1589 655 (ut
1640 611 1758 655 patet

141 652 415 680 Catholicswhom
1269 672 1276 678 .
1359 672 1365 678 .
1421 672 1428 678 .
1454 672 1460 678 .
1725 673 1731 679 .

142 697 187 715 we
208 687 351 723 judgeto
380 687 416 714 be
434 677 484 716 de
517 675 611 727 Job,
659 675 709 714 de
744 674 1122 726 Nabugodonosor
1162 682 1202 712 et
1243 685 1301 711 e1s
1335 670 1582 726 smnhbus),
1629 682 1669 712 et
1701 682 1792 714 Slc5

216 722 347 750 omma
435 756 496 786 est
529 746 579 785 de
614 745 759 785 multis
793 758 901 798 quos
927 753 1103 797 propter
1126 742 1472 796 solempnitatem
1497 743 1602 783 ritus
1626 743 1759 782 nostri

435 817 701 856 decernimus
736 828 825 855 esse
860 813 975 854 foris.
1023 814 1133 853 Nam
1168 813 1296 853 corde
1331 813 1519 853 creditur
1551 813 1603 852 ad
1637 812 1756 852 iusti-

437 887 560 939 ciam,
607 895 647 926 et
686 886 728 926 in
771 885 844 925 tali
883 884 1051 924 iusticia
1091 884 1301 924 decedens
1347 893 1409 923 est
1454 897 1550 923 vere
1589 883 1761 923 ecclesie

437 957 547 997 filius
582 965 623 997 et
655 956 827 997 flamine
861 955 1116 1008 baptizatus.

493 1029 581 1068 Nec
621 1027 706 1066 vidi
745 1040 921 1067 suasum
956 1025 1072 1079 quod
1114 1026 1262 1065 beatus
1299 1024 1531 1077 Gregorius
1572 1025 1817 1078 peccavitM

438 1101 477 1140 in
519 1107 729 1152 quantum
770 1097 850 1137 hoc
884 1096 1025 1150 peciit,
1074 1109 1171 1135 cum
1218 1094 1378 1135 factum
1415 1095 1491 1134 Dei
1531 1095 1573 1135 in
1614 1108 1761 1135 conce-

438 1170 578 1210 dendo
609 1167 796 1208 ostendit
819 1167 900 1206 hoc
924 1166 1053 1206 fuisse
1076 1166 1238 1205 iustum
1263 1174 1303 1205 et
1318 1166 1409 1205 Deo
1435 1165 1762 1219 beneplacitum.

438 1241 538 1280 Ideo
571 1241 604 1279 si
638 1247 808 1278 sanctus
841 1251 951 1291 papa
982 1237 1174 1290 peccavit
1208 1236 1249 1275 in
1281 1236 1340 1275 sic
1364 1236 1540 1288 orando,
1574 1236 1655 1276 hoc
1686 1235 1765 1275 fuit

439 1311 537 1365 quia
570 1309 723 1350 defecit
761 1308 803 1348 in
846 1307 990 1360 modo,
1040 1317 1086 1347 ut
1135 1315 1253 1360 puta,
1290 1305 1516 1346 affeccione
1561 1305 1765 1358 singulari

439 1393 566 1421 suum
612 1380 804 1420 studium
848 1377 1115 1430 occupando,
1164 1376 1362 1429 suffragia
1410 1376 1583 1416 ecclesie
1631 1376 1820 1429 magisx5

442 1451 559 1492 utilia
614 1449 887 1503 dimittendo,
947 1449 1012 1487 vel
1066 1448 1107 1487 in
1161 1447 1240 1487 alia
1295 1447 1367 1486 tali
1421 1446 1764 1499 circumstancia,

442 1531 615 1576 propter
648 1521 764 1574 quod
797 1520 849 1559 ad
883 1519 947 1559 sui
982 1518 1182 1558 meritum
1218 1518 1512 1571 temporaliter
1545 1527 1607 1557 est
1640 1519 1763 1571 puni-

149 1615 174 1642 [t
195 1621 265 1649 may
289 1614 326 1641 be
348 1602 523 1647 sighttus.
558 1592 683 1632 Unde
716 1604 816 1643 sepe
851 1589 1030 1641 contigit
1063 1588 1283 1628 hominem
1318 1588 1469 1627 mereri
1504 1588 1546 1627 in
1580 1588 1764 1627 volendo

159 1648 408 1712 εξῗκῗῂᾞὸἓὲἓ
442 1673 482 1703 et
526 1661 689 1702 orando
734 1674 813 1714 pro
861 1661 932 1700 illo
980 1659 1097 1713 quod
1135 1659 1250 1699 Deus
1295 1671 1379 1698 non
1428 1659 1517 1698 vult
1565 1656 1671 1710 fieri,
1719 1667 1765 1698 ut

160 1719 220 1746 ΜΗ
242 1724 295 1746 ¹³⁰1
316 1721 416 1753 grant.
443 1742 559 1787 patet
593 1733 644 1773 de
677 1731 852 1771 stimulo
887 1731 1023 1771 carnis
1058 1743 1136 1783 pro
1171 1729 1292 1769 cuius
1332 1729 1507 1769 decessu
1544 1730 1765 1782 apostolus
1784 1746 1825 1767 20

444 1803 609 1856 rogavit
631 1812 694 1844 ter
717 1802 942 1842 dominum
961 1798 1028 1854 (ut
1059 1808 1177 1854 patet
1209 1799 1266 1839 Ha
1288 1798 1387 1840 Cor.
1422 1797 1555 1854 X110)‚
1590 1809 1629 1839 et
1670 1812 1767 1852 sepe

444 1874 653 1926 contingit
692 1872 912 1912 hominem
964 1871 1174 1923 laborare,
1218 1883 1342 1909 orare
1395 1879 1436 1909 et
1484 1868 1619 1909 facere
1664 1869 1768 1908 illud

444 1944 560 1999 quod
606 1944 720 1983 Deus
766 1943 856 1983 vult
902 1941 1007 1994 fieri,
1062 1951 1103 1982 et
1157 1950 1301 1981 tamen
1354 1954 1532 1994 peccare
1585 1940 1770 1993 graviter

446 2024 621 2070 propter
654 2014 868 2054 defectum
905 2013 1020 2052 modi
1055 2012 1225 2065 agendi,
1251 2012 1361 2052 sicut
1393 2011 1589 2051 meminit
1623 2014 1768 2063 Augu-

446 2087 596 2138 stinus,
620 2084 757 2125 ΧΧΙΙΟ
782 2084 843 2123 De
864 2083 1048 2123 Civitate
1072 2083 1163 2135 Dei,
1189 2082 1313 2135 capit.
1341 2082 1415 2121 110:
1443 2082 1598 2131 Multa,
1615 2080 1767 2133 inquit,
1788 2086 1827 2118 25

447 2156 719 2210 voluntfieri
749 2155 887 2196 sancti
919 2154 1008 2194 eius
1039 2154 1091 2193 ab
1117 2153 1189 2193 illo
1214 2153 1424 2206 inspirata
1448 2158 1598 2192 sancta
1621 2150 1770 2190 volun-

450 2234 547 2278 tate,
581 2240 656 2267 nec
674 2227 817 2281 fiunt‚·
838 2226 950 2265 sicut
971 2231 1097 2264 orant
1119 2237 1204 2277 pro
1227 2223 1483 2276 quibusdam
1510 2222 1583 2275 pie
1604 2227 1769 2261 sancte-

448 2311 543 2352 que,
585 2304 624 2338 et
655 2296 768 2351 quod
806 2302 934 2335 orant
973 2307 1053 2334 non
1082 2294 1211 2348 facit,
1247 2307 1343 2333 cum
1379 2293 1467 2346 ipse
1501 2293 1542 2332 in
1573 2292 1632 2332 eis
1660 2292 1772 2331 lzanc

449 2367 606 2408 orandi
637 2369 894 2407 voluntatem
928 2371 1076 2405 sancto
1109 2364 1262 2417 spiritu
1303 2376 1380 2410 suo
1398 2363 1574 2417 fecerit.
1623 2362 1676 2401 Et
1710 2361 1770 2400 vi—

451 2439 574 2478 detur
606 2436 900 2490 equivocando
934 2436 984 2475 de
1006 2435 1127 2487 velle,
1164 2435 1302 2473 Deum
1326 2434 1430 2473 velle
1464 2433 1504 2472 in
1539 2433 1629 2472 aliis
1653 2432 1770 2485 quod
1786 2437 1829 2470 30

453 2522 534 2548 non
560 2508 649 2547 vult
681 2508 721 2546 in
756 2520 798 2546 se
823 2507 928 2560 ipso.
964 2507 1108 2545 Movet
1131 2518 1231 2557 ergo
1257 2505 1372 2544 Deus
1396 2503 1521 2543 corda
1547 2502 1769 2542 hominum

452 2579 503 2618 ad
549 2591 661 2618 nunc
695 2577 887 2616 modeste
921 2576 1131 2615 orandum
1179 2589 1255 2628 pro
1301 2575 1372 2614 illo
1405 2574 1518 2627 quod
1560 2572 1650 2626 ipse
1685 2572 1773 2611 vult

453 2648 558 2700 fieri,
608 2659 647 2688 et
696 2660 809 2687 nunc
854 2660 930 2700 pro
977 2646 1046 2686 illo
1091 2645 1207 2699 quod
1252 2644 1341 2697 ipse
1391 2657 1474 2683 non
1521 2642 1612 2682 vult
1659 2640 1771 2693 fieri3

508 2818 545 2839 21.
567 2810 608 2838 B:
630 2809 654 2837 11
675 2810 770 2837 deest.
862 2807 908 2835 28.
930 2807 963 2834 B:
986 2815 1047 2834 non
1063 2806 1190 2834 facium.
1278 2804 1319 2833 25.
1340 2806 1367 2833 A
1382 2805 1412 2832 in
1429 2811 1543 2839 marg-t
1566 2801 1772 2837 Augustinus.

514 2928 565 2961 25.
592 2929 680 2972 Aug.
708 2928 800 2972 Opp.
827 2935 911 2960 tom.
939 2927 1011 2968 V11,
1039 2936 1118 2970 pag.
1145 2923 1225 2959 656.
