2045 3312
297 264 385 292 CAP.
403 252 472 310 Vt]
804 263 864 294 DE
891 261 1126 294 ECCLESIA.
1828 247 1900 286 133

141 386 274 430 121472
294 387 407 424 suos,
438 370 623 411 limitans
656 368 732 408 sibi
767 376 807 408 et
838 367 1027 420 partibus
1060 366 1145 406 suis
1171 375 1434 406 crementum
1467 376 1506 405 et
1536 365 1615 405 alia

293 441 524 484 accidentia
567 438 798 490 naturalia,
853 438 909 478 sic
954 451 997 478 se
1039 436 1165 477 habet
1208 436 1367 476 nedum
1420 435 1613 476 divinitas

294 512 449 555 Christi
482 510 738 552 extrinsecus
785 509 858 548 sed
893 507 1133 547 humanitas
1167 506 1256 547 eius
1288 505 1539 546 intrinsecus
1562 507 1614 546 ad

294 592 482 624 sanctam
526 589 704 620 matrem
750 578 996 629 ecclesiam3
1047 577 1160 617 unde
1206 576 1505 630 blasphemum
1554 584 1615 616 est

261 667 277 699 5
294 654 474 707 cogitare
507 652 624 705 quod
645 651 788 690 subest
809 648 1009 703 potestati
1041 648 1227 688 humane
1260 660 1384 701 posse
1409 646 1613 687 celebrare

293 723 529 764 divorcium
582 721 689 761 inter
741 720 961 760 Christum
1013 727 1053 759 et
1094 727 1274 758 matrem
1322 731 1457 769 suam,
1510 717 1616 757 sicut

294 794 510 834 carnaliter
540 791 839 848 ymaginamur
873 791 923 830 de
956 789 1120 830 defectu
1142 789 1185 828 in
1219 787 1372 828 carnali
1399 787 1613 841 coniugio.

293 863 479 905 Ecclesia
512 862 626 902 enim
659 870 720 901 est
751 861 870 914 virgo
904 859 1174 914 spiritualiter
1206 857 1482 910 intelligendo
1507 857 1615 897 sicut

293 944 379 975 tota
397 933 628 974 multitudo
645 931 862 972 celestium
881 931 1039 971 civium
1060 943 1220 983 agnum
1243 927 1520 983 sequencium
1549 925 1615 983 (ut

238 1029 277 1050 10
293 1005 442 1045 dicitur
456 1003 712 1058 Apocalyps.
736 1003 867 1054 XIV0,
898 999 951 1056 1),
975 1001 1087 1040 unde
1108 1000 1210 1040 tales
1230 999 1409 1053 virgines
1435 1007 1616 1052 possunt

292 1084 390 1129 post
422 1074 748 1128 corrupcionem
779 1085 1023 1126 recuperare
1056 1070 1354 1124 virginitatem,
1387 1069 1494 1109 sicut
1525 1082 1612 1108 non

293 1145 499 1199 contingit
520 1146 570 1184 de
590 1143 828 1197 virginitate
852 1142 1019 1194 carnali,
1040 1141 1232 1196 quamvis
1248 1153 1414 1194 semper
1436 1149 1616 1193 possunt

293 1230 380 1256 esse
411 1215 606 1268 virgines.
641 1215 751 1254 Nam
784 1227 834 1253 eo
867 1213 976 1267 ipso,
1017 1226 1104 1266 quo
1144 1211 1451 1265 predestinatus
1492 1210 1617 1250 habet

292 1287 538 1336 celibatum‚
587 1285 791 1339 recipiens
836 1298 857 1323 a
905 1297 1065 1337 sponso
1098 1281 1269 1322 ecclesie
1315 1295 1458 1320 semen
1506 1280 1616 1332 fidei,

238 1357 503 1411 15gignendo
536 1356 675 1396 filium
706 1354 796 1407 Dei,
831 1363 891 1394 est
914 1354 1048 1407 virgo,
1082 1366 1238 1406 sponsa
1271 1351 1439 1404 Christi,
1474 1360 1512 1391 et
1544 1364 1618 1404 per

292 1440 569 1482 consequens,
603 1440 723 1466 soror
745 1434 784 1465 et
807 1424 930 1464 frater
946 1424 1035 1464 eius
1057 1436 1298 1478 germanus,
1332 1431 1371 1462 et
1393 1435 1466 1476 per
1489 1421 1615 1472 idem,

290 1509 424 1539 mater
457 1498 558 1549 eius,
584 1510 681 1536 cum
704 1495 836 1550 gignit
860 1494 1077 1535 Christum
1100 1493 1370 1547 spiritualiter
1386 1506 1434 1532 ex
1458 1491 1616 1531 semine

292 1569 437 1624 sponsi
470 1568 513 1608 in
561 1567 703 1607 anima
748 1579 951 1607 conversa
997 1565 1049 1604 ad
1102 1563 1334 1605 Christum.
1387 1563 1441 1603 Et
1493 1562 1618 1602 istam

292 1639 511 1680 materiam
526 1637 699 1692 pulchre
716 1636 848 1689 tangit
864 1637 1078 1676 decretum
1102 1649 1149 1675 ex
1168 1634 1359 1674 doctrina
1375 1632 1617 1687 Augustini,

237 1736 276 1757 20
292 1719 339 1751 ut
353 1718 467 1764 patet
484 1709 660 1750 XXVIIa
680 1722 723 1762 q.
748 1707 906 1762 prima:
931 1707 1221 1759 Nchciarum,
1244 1704 1483 1745 ubidicitur
1501 1703 1618 1757 quod

293 1781 474 1822 ecclesia
491 1786 576 1820 tota
593 1779 722 1833 virgo
738 1785 812 1830 est,
830 1791 925 1817 cum
943 1775 1177 1830 Apostolus
1192 1775 1274 1815 Ila.
1295 1774 1616 1814 Corinthiorum

293 1852 392 1902 XIO,
426 1863 449 1890 2
491 1850 615 1890 dicit:
644 1849 802 1902 Aptavi
834 1861 908 1889 vos
947 1849 1023 1887 uni
1063 1848 1155 1887 viro
1195 1846 1413 1899 virginem
1454 1851 1616 1884 castam

294 1921 496 1962 exhibere
533 1920 713 1961 Christo.
746 1920 800 1959 Et
832 1919 881 1959 ab
915 1918 987 1958 illo
1035 1917 1126 1957 viro
1149 1930 1247 1956 cum
1277 1915 1378 1956 vivit
1400 1924 1618 1969 perpetuo,

295 2007 382 2033 non
414 1993 508 2032 licet
540 1992 728 2031 recedere
761 1989 1029 2043 spiritualiter
1071 1986 1333 2038 fornicando,
1380 1985 1474 2026 ideo
1518 1999 1617 2026 con-

240 2065 462 2123 25iugatus
494 2071 636 2103 manet
669 2060 936 2115 spiritualiter
967 2059 1097 2113 virgo.

248 2160 282 2200 Q
354 2135 435 2175 Sed
451 2133 628 2174 dubium
647 2141 706 2172 est
722 2140 883 2172 tactum
898 2131 940 2169 in
959 2138 1109 2184 quarto
1125 2136 1376 2183 argumento
1392 2128 1442 2167 de
1458 2126 1618 2167 unitate
1681 2128 1786 2157 Christ
1806 2129 1865 2156 and

1659 2173 1751 2201 every
1770 2173 1828 2191 one
1850 2164 1886 2192 of

298 2204 500 2245 numerali
518 2203 701 2254 ecclesie,
724 2211 867 2242 utrum
879 2202 1071 2242 Christus
1088 2210 1127 2241 et
1142 2199 1362 2254 quodlibet
1376 2198 1619 2238 membrum
1652 2199 1885 2269 llssiJR-{nssss'boesss

297 2275 467 2316 ecclesie
500 2274 552 2314 sit
584 2274 731 2313 eadem
764 2272 933 2312 ecclesia
958 2272 1000 2310 in
1032 2284 1227 2321 numero,
1252 2278 1291 2309 et
1312 2268 1478 2308 videtur
1500 2268 1619 2321 quod
1699 2269 1833 2297 Church.

264 2346 353 2402 lsic
386 2360 434 2385 ex
466 2344 616 2397 triplici
650 2342 948 2384 conveniencia
982 2340 1202 2381 numerali.
1237 2339 1393 2389 Primo,
1428 2339 1617 2391 inquam,

240 2416 461 2471 30videtur
492 2415 608 2469 quod
643 2422 1024 2468 quantumcunque
1057 2419 1218 2465 partem
1252 2410 1391 2450 anima
1434 2409 1619 2449 hominis

298 2487 501 2540 adequate
565 2483 812 2534 actuaverit‚
868 2491 1247 2537 quantumcunque
1304 2480 1477 2520 materia
1529 2493 1617 2519 cor-

349 2633 374 2660 7.
396 2624 425 2652 A
444 2624 475 2652 in
496 2631 615 2657 marg.:
653 2621 778 2657 Sponsa
798 2621 924 2650 Christi.
1121 2628 1162 2653 14.
1187 2619 1227 2647 B:
1268 2627 1388 2655 sponso
1416 2626 1520 2647 semen
1550 2618 1621 2646 fidei

296 2671 454 2708 gignendi.
536 2677 574 2697 21.
596 2669 625 2697 A
646 2668 684 2696 ss:
706 2668 733 2696 Il
753 2668 824 2697 Cor.
847 2668 884 2695 X.
906 2668 932 2696 A
955 2668 986 2695 in
1007 2675 1103 2703 marg.
1125 2674 1204 2694 ccrr.
1227 2665 1299 2694 Cor.
1321 2665 1372 2693 XI.
1445 2673 1492 2700 24.
1515 2665 1557 2694 25.
1579 2666 1620 2693 B:

296 2718 379 2746 idem
411 2717 606 2753 coniugatus.
750 2716 797 2744 26.
818 2718 845 2743 A
867 2715 896 2743 in
917 2724 1034 2751 marga
1066 2714 1212 2742 Dubium.
1232 2714 1260 2741 A
1281 2714 1302 2741 B
1323 2714 1353 2741 in
1375 2722 1489 2749 marg:
1510 2713 1620 2742 Utrum

298 2764 441 2793 Christus
462 2770 490 2792 et
510 2764 674 2801 quodlibet
694 2764 870 2792 membrum
893 2763 1020 2790 ecclesie
1042 2763 1081 2790 sit
1100 2762 1209 2790 eadem
1232 2761 1364 2789 ecclesia
1384 2761 1414 2788 in
1443 2762 1500 2796 (A:
1523 2761 1619 2796 deest)

298 2819 428 2839 numero
442 2812 474 2845 (Β
496 2819 590 2839 manu
604 2812 690 2845 rec.).
832 2809 879 2837 30.
900 2808 941 2836 B:
982 2809 1086 2837 anima
1105 2809 1201 2837 deest.

361 2928 409 2961 ¹9·
436 2918 535 2949 Decr.
564 2918 602 2949 11.
628 2927 720 2961 pars,
746 2928 849 2950 causa
874 2917 1009 2957 XXVII,
1037 2928 1069 2959 q.
1098 2918 1120 2958 1,
1148 2927 1176 2949 c.
1204 2915 1296 2959 XLI]
