2045 3312
126 296 213 348 344
855 306 1082 338 JOHANNJS
1110 305 1307 338 WYCLIF.
1545 293 1650 351 [CAP.
1674 303 1739 332 xv.

143 423 265 484 nouiple1
289 423 378 473 ‘135¹'st
421 427 510 452 rem
544 412 737 463 caritatis,
762 412 998 451 secundum
1032 425 1161 466 quam
1194 411 1478 451 elemosinans
1511 412 1742 465 miseretur,
1765 422 1893 467 176d1.

124 462 405 557 ἡὸιὲῗὲέεὲἑίῑξὲίιγ
421 492 460 523 et
489 482 797 536 perfeccionem
827 482 1128 523 accidentalem
1160 496 1241 537 que
1273 482 1433 536 capitur
1456 496 1585 536 penes
1608 497 1742 537 quan-

150 561 393 631 psslciceidsghfarlz'
421 563 581 594 titatem
629 553 786 594 fructus
836 567 882 592 ex
927 553 996 592 illa
1042 553 1308 593 occasionata
1354 553 1575 607 posterius,
1651 555 1742 608 Ego

143 621 386 674 fromthey‘fui't
419 633 561 664 autem
595 624 718 664 credo
752 623 868 677 quod
913 623 1026 663 aliud
1072 633 1133 663 est
1176 637 1309 676 genus
1354 623 1657 664 elemosinandi
1702 624 1744 663 in

169 674 201 697 ⁰¹
220 671 270 697 ΗΝ
291 672 355 705 gm'
418 694 710 748 predestinatis
745 704 784 733 et
816 693 931 733 aliud
964 693 1006 733 in
1031 693 1232 748 prescitis.
1266 695 1377 734 Nam
1401 703 1489 734 tota
1514 695 1778 736 elemosina5

418 778 547 818 quam
582 764 678 804 facit
712 764 1021 817 predestinatus
1054 764 1206 804 limitat
1239 764 1313 803 sibi
1348 765 1526 818 gradum
1565 763 1743 804 beatitu-

418 834 526 874 dinis
570 835 621 874 ad
667 848 794 888 quem
839 833 1073 887 parcialiter
1116 833 1344 888 proficiunt
1395 834 1557 888 singule
1610 842 1745 887 partes

419 905 520 944 eius.
557 905 800 944 Elemosina
833 913 977 944 autem
1001 904 1141 944 totalis
1165 903 1329 958 presciti
1361 904 1573 944 concurrit
1596 918 1744 945 secun-

419 977 521 1015 dum
554 989 596 1015 se
629 984 766 1015 totam
800 976 851 1014 ad
885 975 1171 1028 mitigandum
1203 989 1357 1029 penam
1390 984 1654 1029 perpetuam.
1704 975 1746 1015 Si

419 1045 581 1085 domini
605 1047 859 1099 temporales
894 1044 958 1098 (ut
987 1045 1248 1086 elemosinati
1277 1043 1517 1100 vendicant)
1552 1054 1747 1085 tenentur
1767 1068 1804 1089 10

421 1115 666 1156 continuare
705 1116 956 1156 elemosinas
990 1125 1159 1169 patrum
1204 1129 1389 1170 quorum
1428 1124 1526 1155 sunt
1560 1115 1745 1167 heredes,

420 1197 520 1227 tunc
552 1195 748 1227 tenentur
779 1187 830 1226 ad
863 1200 990 1226 omne
1023 1186 1119 1225 inde
1152 1199 1331 1240 sequens
1365 1185 1607 1238 formaliter,
1648 1186 1747 1240 quia

420 1257 536 1297 aliter
569 1266 713 1297 contra
747 1256 1072 1310 possibilitatem
1102 1256 1568 1309 obligaci01iis÷÷divine
1611 1256 1747 1297 forent
1767 1270 1844 1310 177³

421 1328 471 1367 ad
506 1327 829 1368 contradictoria
865 1326 1052 1381 obligati,
1086 1327 1239 1367 scilicet
1275 1327 1325 1366 ad
1362 1326 1603 1367 faciendum
1637 1327 1746 1380 ipsas

422 1411 510 1437 esse
542 1397 794 1437 elemosinas
828 1405 868 1436 et
900 1398 951 1436 ad
985 1396 1298 1437 defendendum
1325 1410 1469 1437 earum
1492 1397 1674 1437 abusum
1706 1397 1747 1438 in
1767 1407 1804 1440 15

422 1468 602 1519 discolis,
627 1468 863 1507 secundum
881 1480 1009 1521 quam
1032 1467 1246 1506 racionem
1271 1476 1410 1508 carent
1434 1467 1568 1507 forma
1591 1468 1746 1508 elemo-

422 1538 522 1577 sine.
565 1538 675 1591 Ergo
708 1551 800 1577 cum
836 1551 951 1591 reges
984 1537 1137 1591 Anglie
1169 1547 1365 1578 tenentur
1398 1552 1557 1579 servare
1591 1538 1747 1578 elemo-

422 1609 531 1648 sinas
565 1621 737 1648 suorum
773 1608 1094 1661 progenitorum
1117 1608 1157 1647 in
1182 1622 1255 1648 sua
1278 1609 1568 1662 perpetuitate,
1602 1617 1746 1648 tenen-

422 1687 488 1717 tur
525 1678 698 1731 insuper
736 1692 783 1717 ex
822 1679 912 1732 lege
952 1677 1176 1731 spiritualis
1217 1679 1445 1718 elemosine
1479 1692 1578 1718 suos
1616 1677 1748 1731 legios

423 1748 635 1801 castigare,
669 1757 866 1789 tenentur
897 1748 1026 1789 tercio
1072 1762 1119 1787 ex
1152 1748 1416 1802 obligacione
1441 1763 1523 1803 qua
1554 1757 1749 1789 tenentur
1765 1769 1807 1790 20

426 1819 556 1859 facere
589 1819 704 1872 legiis
738 1819 823 1858 suis
858 1818 1069 1858 iusticiam
1103 1827 1142 1857 et
1178 1819 1418 1872 extinguere
1457 1818 1628 1858 iniurias
1667 1832 1749 1872 que

422 1897 601 1942 vergunt
645 1888 998 1942 periculosissime
1043 1889 1094 1928 ad
1134 1888 1197 1928 sui
1243 1889 1391 1942 populi
1430 1889 1751 1942 detrimentum3

424 1968 537 2013 patet
571 1960 685 2013 quod
720 1968 916 1999 tenentur
948 1959 988 1998 in
1023 1972 1120 1998 casu
1154 1959 1266 1998 bona
1298 1972 1371 1999 sua
1407 1959 1577 1999 ecclesie
1610 1968 1751 1999 sancte

424 2029 639 2070 restituere
673 2038 712 2069 et
740 2044 763 2069 a
786 2029 1169 2082 comtemptoribus
1193 2029 1267 2068 Dei
1291 2029 1353 2069 sui
1379 2038 1418 2069 et
1439 2029 1554 2083 regni
1578 2027 1750 2068 auferre.

424 2101 519 2140 Hoc
573 2099 687 2139 enim
739 2099 817 2139 fuit
869 2109 1042 2152 pactum
1095 2099 1330 2139 dotacionis
1382 2099 1580 2152 primeve.
1653 2098 1750 2138 Ideo
1769 2109 1808 2142 25

425 2171 628 2210 audenter
659 2184 814 2222 assero,
848 2169 878 2208 si
913 2183 1011 2210 cum
1044 2169 1130 2209 istis
1165 2169 1334 2222 paribus
1366 2183 1435 2208 rex
1480 2177 1621 2208 noster
1666 2181 1751 2207 non

425 2241 550 2280 habet
595 2248 847 2293 potestatem
889 2240 941 2279 ad
990 2239 1229 2279 faciendum
1277 2238 1318 2277 in
1367 2239 1475 2278 clero
1522 2253 1598 2278 suo
1644 2253 1752 2291 opus

427 2310 752 2350 misericorditer
775 2310 1018 2363 castigandi,
1044 2323 1129 2350 non
1153 2310 1279 2349 habet
1301 2308 1604 2350 sufficienciam
1628 2323 1753 2362 super

426 2381 541 2420 totali
576 2394 707 2433 regno
742 2389 885 2419 nostro
919 2380 1088 2433 politice
1122 2379 1384 2431 dominandi,
1418 2393 1567 2434 ymmo
1592 2379 1622 2418 si
1647 2380 1751 2418 bene

428 2450 684 2491 attendimus
717 2451 769 2489 ad
803 2450 1053 2503 scripturam
1088 2463 1245 2490 sacram
1282 2458 1321 2489 et
1354 2449 1461 2489 dicta
1494 2449 1544 2488 de
1585 2448 1750 2502 privile·
1769 2459 1810 2491 30

428 2521 503 2573 giis
537 2520 719 2572 ecclesie,
753 2529 792 2560 et
825 2529 949 2560 sonat
970 2520 1012 2559 in
1036 2520 1302 2574 privilegium
1325 2519 1432 2572 regis
1467 2520 1581 2572 quod
1604 2518 1753 2558 habeat

431 2590 669 2644 potenciam
694 2590 828 2630 taliter
861 2590 1031 2630 clericos
1065 2589 1326 2641 cohercendi,
1360 2598 1399 2628 et
1432 2588 1564 2628 clerici
1600 2588 1753 2627 habent

484 2768 510 2788 μ.
535 2762 571 2790 Ιὶ;
595 2760 823 2788 concussibilis.
935 2769 971 2787 ι’).
994 2761 1076 2788 llus:
1100 2768 1233 2795 sequens
1255 2760 1393 2787 formari.
1510 2767 1551 2793 ¹4-
1575 2758 1612 2785 B:
1635 2758 1753 2786 scilicet

431 2810 527 2836 deest.
672 2814 719 2842 29,
742 2807 879 2842 politice.
904 2808 933 2834 ln
957 2807 1054 2835 codd:
1078 2806 1220 2842 pole-tice.

489 2938 622 2969 ,NJ—[³2.
652 2938 726 2968 Hus
753 2938 772 2968 1.
800 2947 828 2968 c.
