2045 3312
248 247 337 276 CAP.
358 236 396 295 1.]
751 250 810 282 DE
837 250 1072 282 ECCLEsm.
1805 254 1851 293 ¹9

87 367 119 401 O
146 365 224 400 130¹¹
239 358 281 396 in
315 370 363 396 eo
395 356 509 408 quod
548 356 660 394 male
680 355 800 409 facit
841 355 929 395 noli
962 369 1057 395 eum
1085 362 1246 407 putare
1281 363 1411 408 caput
1441 364 1559 396 tunm

237 427 313 466 sed
351 439 415 465 me
448 425 590 465 Deum
630 432 764 466 tuum.
811 426 863 464 Et
895 426 1046 478 probat
1077 425 1158 465 hoc
1191 426 1339 465 debere
1371 426 1470 466 fieri.
1516 427 1562 465 Si

236 495 373 548 inquit
403 496 448 535 in
480 496 558 534 hoc
589 495 704 547 quod
737 496 849 535 male
869 495 989 549 facit
1020 503 1151 548 caput
1181 502 1256 544 est,
1290 502 1331 536 et
1359 509 1560 536 consecu-

235 572 381 605 turum
416 573 476 605 est
507 579 666 618 corpus
694 572 823 618 caput
844 579 985 618 suum,
1020 573 1123 606 eunt
1145 567 1268 606 ambo
1292 567 1335 606 in
1352 568 1561 619 precipu-

202 637 362 677 scium.
423 635 475 675 Ut
518 643 660 675 autem
705 636 969 676 christianus
1013 649 1098 676 non
1144 643 1351 689 sequatur
1397 637 1559 676 malum

233 713 364 759 caput
405 719 547 758 suum,
593 713 737 746 teneat
772 719 817 746 se
857 706 913 746 ad
945 713 1074 759 caput
1113 707 1288 746 ecclesie
1327 706 1558 755 Christum,

232 777 330 816 lzuic
363 776 520 816 debens
552 777 789 817 castitatem
822 789 962 828 suam,
995 778 1094 817 huic
1126 776 1330 830 deferens
1353 777 1557 816 honorem

231 859 371 894 suum,
418 847 573 887 absens
604 848 658 886 sit
689 848 756 886 vir
779 848 999 899 privatus,
1027 860 1212 900 presens
1243 848 1299 887 sit
1330 848 1397 888 vir
1429 848 1562 887 matri

232 917 408 957 ecclesie
440 919 713 971 coniugatus.

144 995 219 1028 ιόοο
290 988 408 1027 Patet
432 1001 531 1040 ergo
553 988 684 1041 quod,
713 987 821 1027 sicut
844 986 1059 1027 infinitum
1081 988 1286 1027 maiorem
1308 988 1517 1028 honorem
1534 987 1559 1015 ²³³

234 1057 437 1097 debemus
470 1058 577 1111 patri
600 1057 805 1111 spirituali
829 1058 1006 1098 domino
1029 1059 1125 1098 Jesu
1150 1057 1318 1098 Christo
1343 1067 1382 1098 et
1403 1072 1559 1112 sponse

232 1142 304 1168 sue
328 1128 496 1168 ecclesie
519 1143 601 1182 que
625 1138 686 1169 est
707 1130 878 1183 regina,
902 1130 1107 1169 assistens
1129 1142 1154 1168 a
1173 1129 1364 1169 dexteris
1387 1131 1479 1169 eius
1494 1126 1558 1184 (ut

232 1197 747 1254 diciturPsal.XLIV0,1o)
763 1213 893 1253 quam
911 1199 1033 1239 alicui
1053 1199 1214 1252 parenti
1230 1208 1375 1239 nostro
1391 1199 1556 1249 carnali,

231 1269 288 1308 sic
320 1282 448 1308 nemo
482 1278 541 1309 est
573 1283 721 1323 parens
754 1270 819 1308 vel
852 1270 989 1322 proles
1020 1269 1146 1309 huius
1173 1269 1332 1309 celestis
1356 1269 1554 1322 coniugii,

178 1339 307 1378 15nisi
341 1338 462 1380 faciat
494 1340 683 1379 debitum
715 1340 831 1393 quod
863 1339 905 1378 in
934 1339 1296 1393 predestinacione
1325 1339 1465 1379 divina
1494 1348 1556 1379 est

231 1409 483 1462 deputatum
515 1410 581 1449 isti
615 1409 769 1450 officio.
803 1411 914 1450 Nam
948 1423 1036 1450 esse
1067 1419 1193 1462 caput
1220 1410 1285 1449 vel
1313 1410 1555 1449 membrum

231 1489 370 1519 sancte
403 1480 545 1519 matris
578 1480 747 1520 ecclesie
780 1489 841 1520 est
872 1479 1200 1533 inseparabiliter
1232 1494 1389 1520 nomen
1413 1479 1553 1520 officii.

183 1553 217 1586 P
290 1550 349 1589 Ex
389 1550 477 1590 istis
521 1550 702 1604 septimo
741 1550 930 1604 sequitur
967 1550 1083 1603 quod
1118 1549 1317 1590 dominus
1351 1564 1474 1603 papa,
1522 1550 1553 1589 si
1569 1557 1703 1586 Seventn
1718 1559 1844 1587 conclu-

1570 1593 1649 1620 sion.
1669 1594 1736 1621 The
1752 1595 1845 1634 Pope,

231 1620 536 1673 predestinatus
560 1630 620 1661 est
638 1630 678 1661 et
700 1631 860 1661 exercet
882 1621 1089 1675 pastorale
1113 1619 1317 1672 officium,
1345 1629 1406 1660 est
1429 1628 1845 1693 caputitgzuleeisaffirdeffisgss-

175 1704 214 1725 20
231 1698 344 1729 tante
376 1691 595 1731 militantis
628 1691 797 1731 ecclesie
830 1701 1034 1745 quantam
1066 1692 1182 1745 regit,
1218 1700 1264 1731 ut
1297 1691 1328 1730 si
1362 1691 1417 1731 sic
1450 1700 1553 1744 reglt
1568 1699 1621 1761 31ςῖ
1635 1700 1849 1762 pisst‘ifeaziiogi*

1627 1756 1632 1763 .
1774 1750 1784 1762 t

231 1760 462 1813 capitaliter
499 1762 733 1801 secundum
772 1762 909 1815 legem
949 1761 1103 1802 Christi
1142 1771 1278 1801 totam
1317 1761 1402 1800 iam
1440 1761 1717 1832 mili-sg'ffipccln
1744 1770 1780 1832 (ἐξ
1796 1771 1844 1832 ιίιὲε

228 1839 389 1870 tantem
422 1831 654 1881 ecclesiam,
687 1841 788 1871 tunc
821 1840 881 1871 est
913 1831 1000 1871 eius
1025 1832 1284 1885 particularis
1310 1831 1552 1884 capitaneus
1585 1839 1829 1902 unvffi‘errmtlilignizo-

230 1900 305 1939 sub
339 1900 588 1953 archicapite
611 1901 788 1940 domino
811 1902 905 1940 Jesu
931 1901 1113 1943 Christo.
1149 1903 1243 1941 Hoc
1266 1910 1410 1941 autem
1433 1901 1554 1940 debet

229 1970 415 2023 supponi
458 1971 501 2010 in
546 1971 722 2011 domino
768 1972 965 2011 Romano
1011 1971 1226 2025 pontifice,
1271 1971 1350 2010 nisi
1394 1971 1553 2010 factum

173 2040 378 2080 25doceat
422 2041 633 2081 evidenter
676 2041 940 2094 oppositum,
987 2056 1086 2082 cum
1131 2042 1263 2082 clerus
1307 2041 1392 2082 iam
1435 2057 1551 2096 pere-

226 2110 396 2163 grinans
430 2111 640 2151 consensit
677 2111 719 2151 in
759 2126 857 2152 eun]
896 2122 942 2152 ut
975 2113 1254 2166 capitaneum.
1299 2113 1550 2166 Verumpta—

227 2194 324 2220 men
357 2195 445 2221 non
478 2191 538 2221 est
569 2182 610 2221 in
644 2192 849 2235 potestate
894 2182 1069 2222 alicuius
1102 2182 1313 2223 christiani
1346 2183 1549 2223 constitu-

228 2250 360 2305 cione⁷
385 2251 594 2291 eleccione
610 2253 675 2291 vel
697 2252 989 2305 acceptacione
1012 2262 1193 2292 statuere
1217 2253 1332 2306 quod
1351 2252 1551 2292 dominus

227 2335 336 2374 papa
358 2321 410 2361 sit
432 2331 558 2375 caput
571 2322 637 2362 vel
655 2324 897 2363 membrum
912 2332 1052 2363 sancte
1069 2323 1212 2363 matris
1232 2322 1416 2363 ecclesie.
1440 2324 1549 2362 Nam

170 2390 211 2422 30
225 2390 306 2431 hoc
340 2392 528 2432 consistit
559 2392 600 2431 in
634 2393 993 2446 predestinacione
1027 2402 1065 2433 et
1097 2393 1234 2446 gracia
1256 2393 1331 2432 Dei
1354 2392 1499 2432 nostri.

284 2461 329 2500 In
361 2461 437 2502 ista
469 2476 566 2502 vero
599 2463 773 2502 materia
805 2472 903 2503 sunt
934 2463 1143 2517 quotlibet
1185 2462 1458 2517 subterfugia,
1502 2471 1548 2502 ut
1561 2481 1654 2510 Some
1676 2482 1756 2521 ὂψ),
1775 2483 1838 2511 mat

188 2540 335 2571 aunus
367 2532 467 2572 dicit
498 2533 614 2586 quod
647 2533 762 2573 nulla
793 2543 926 2573 mater
958 2534 1129 2573 ecclesia
1161 2543 1299 2587 potest
1331 2544 1438 2585 esse3
1474 2533 1545 2573 sed
1613 2518 1779 2587 ‘'fffffisffh?

283 2667 366 2702 413:
387 2673 452 2696 tum
467 2670 573 2697 ambo.
595 2669 616 2697 B
638 2669 668 2697 in
690 2678 794 2705 marg:
813 2670 884 2698 Non
906 2675 951 2697 est
971 2670 1140 2698 imitandus
1163 2670 1261 2697 malus
1277 2671 1412 2706 prelatus
1428 2677 1484 2697 nec
1501 2674 1546 2696 est

225 2714 436 2742 obediendum
458 2716 484 2743 ei
505 2716 534 2743 in
556 2716 613 2743 hoc
635 2720 717 2752 quod
738 2717 817 2744 male
838 2716 918 2744 facit.
1032 2726 1058 2753 7.
1081 2717 1118 2744 B:
1141 2716 1212 2744 hinc
1234 2717 1360 2744 debens.
1464 2717 1501 2744 13.
1523 2716 1545 2742 B

225 2760 255 2787 in
276 2769 378 2796 marg:
399 2762 447 2789 Ps.
468 2772 521 2797 44.
646 2762 687 2790 18.
709 2762 770 2790 AB
791 2763 821 2790 in
843 2772 944 2799 marg:
972 2762 1111 2799 Septima
1134 2764 1310 2797 conclusio;
1340 2764 1369 2790 A
1389 2763 1418 2790 in
1440 2771 1543 2797 marg:

225 2806 308 2842 Papa
334 2808 358 2835 si
386 2814 431 2836 est
459 2809 687 2843 predestinatus
716 2815 744 2837 et
770 2816 891 2838 exercet
919 2812 1073 2845 pastorale
1099 2810 1248 2846 officium,
1276 2816 1321 2838 est
1351 2814 1443 2845 caput
1463 2814 1544 2837 tante

227 2855 355 2882 ecclesie
377 2860 521 2890 quantam
544 2856 619 2891 regit
641 2857 752 2891 (above
774 2857 833 2885 1¹30C
848 2858 978 2885 without
999 2858 1085 2885 mark
1106 2856 1141 2884 of
1159 2857 1340 2891 reference).
1463 2855 1501 2883 31.
1517 2857 1541 2882 A

228 2900 257 2927 in
280 2909 381 2936 marg:
404 2901 521 2929 Contra
543 2902 612 2930 illos
633 2903 684 2938 qui
705 2909 817 2937 negant
841 2904 1003 2931 ecclesiam
1025 2913 1105 2931 esse.

1410 2963 1448 2983 2..
