<?xml version="1.0" encoding="UTF-8"?>
<!DOCTYPE html PUBLIC "-//W3C//DTD XHTML 1.0 Transitional//EN"
    "http://www.w3.org/TR/xhtml1/DTD/xhtml1-transitional.dtd">
<html xmlns="http://www.w3.org/1999/xhtml" xml:lang="en" lang="en">
 <head>
  <title>
</title>
<meta http-equiv="Content-Type" content="text/html;charset=utf-8" />
  <meta name='ocr-system' content='tesseract 3.04.00' />
  <meta name='ocr-capabilities' content='ocr_page ocr_carea ocr_par ocr_line ocrx_word'/>
</head>
<body>
  <div class='ocr_page' id='page_1' title='image "./iohanniswycliftr04wycl_0309.png"; bbox 0 0 2045 3312; ppageno 0'>
   <div class='ocr_carea' id='block_1_1' title="bbox 279 239 1106 298">
    <p class='ocr_par' dir='ltr' id='par_1_1' title="bbox 279 239 1106 298">
     <span class='ocr_line' id='line_1_1' title="bbox 279 239 1106 298; baseline 0.001 -17"><span class='ocrx_word' id='word_1_1' title='bbox 279 250 369 279; x_wconf 71' lang='lat' dir='ltr'>cAp.</span> <span class='ocrx_word' id='word_1_2' title='bbox 384 239 468 298; x_wconf 60' lang='lat' dir='ltr'>xm]</span> <span class='ocrx_word' id='word_1_3' title='bbox 784 252 844 284; x_wconf 83' lang='lat' dir='ltr'>DE</span> <span class='ocrx_word' id='word_1_4' title='bbox 871 251 1106 284; x_wconf 76' lang='lat' dir='ltr'>ECCLESIA.</span> 
     </span>
    </p>
   </div>
   <div class='ocr_carea' id='block_1_2' title="bbox 126 357 1603 2656">
    <p class='ocr_par' dir='ltr' id='par_1_2' title="bbox 126 357 1600 972">
     <span class='ocr_line' id='line_1_2' title="bbox 126 357 1599 413; baseline -0.004 -12"><span class='ocrx_word' id='word_1_5' title='bbox 126 370 161 403; x_wconf 89' lang='lat' dir='ltr'>P</span> <span class='ocrx_word' id='word_1_6' title='bbox 183 369 261 413; x_wconf 63' lang='lat' dir='ltr'>167a</span> <span class='ocrx_word' id='word_1_7' title='bbox 274 359 441 399; x_wconf 86' lang='lat' dir='ltr'>videtur</span> <span class='ocrx_word' id='word_1_8' title='bbox 500 357 644 397; x_wconf 89' lang='lat' dir='ltr'>multis</span> <span class='ocrx_word' id='word_1_9' title='bbox 704 357 927 396; x_wconf 86' lang='lat' dir='ltr'>verisimile</span> <span class='ocrx_word' id='word_1_10' title='bbox 989 357 1102 410; x_wconf 83' lang='lat' dir='ltr'>quod</span> <span class='ocrx_word' id='word_1_11' title='bbox 1165 369 1338 409; x_wconf 84' lang='lat' dir='ltr'>regnum</span> <span class='ocrx_word' id='word_1_12' title='bbox 1404 364 1599 395; x_wconf 85' lang='lat' dir='ltr'>nostrum</span> 
     </span>
     <span class='ocr_line' id='line_1_3' title="bbox 277 425 1599 482; baseline -0.004 -13"><span class='ocrx_word' id='word_1_13' title='bbox 277 430 462 482; x_wconf 77' lang='lat' dir='ltr'>pacietur</span> <span class='ocrx_word' id='word_1_14' title='bbox 493 429 535 468; x_wconf 88' lang='lat' dir='ltr'>in</span> <span class='ocrx_word' id='word_1_15' title='bbox 569 428 707 478; x_wconf 76' lang='lat' dir='ltr'>brevi3</span> <span class='ocrx_word' id='word_1_16' title='bbox 753 428 823 466; x_wconf 92' lang='lat' dir='ltr'>sed</span> <span class='ocrx_word' id='word_1_17' title='bbox 869 441 967 466; x_wconf 91' lang='lat' dir='ltr'>cum</span> <span class='ocrx_word' id='word_1_18' title='bbox 1007 440 1093 465; x_wconf 92' lang='lat' dir='ltr'>non</span> <span class='ocrx_word' id='word_1_19' title='bbox 1135 440 1230 465; x_wconf 86' lang='lat' dir='ltr'>sum</span> <span class='ocrx_word' id='word_1_20' title='bbox 1281 426 1490 478; x_wconf 79' lang='lat' dir='ltr'>propheta</span> <span class='ocrx_word' id='word_1_21' title='bbox 1533 425 1599 465; x_wconf 91' lang='lat' dir='ltr'>cui</span> 
     </span>
     <span class='ocr_line' id='line_1_4' title="bbox 276 495 1599 550; baseline -0.003 -12"><span class='ocrx_word' id='word_1_22' title='bbox 276 498 382 538; x_wconf 84' lang='lat' dir='ltr'>facta</span> <span class='ocrx_word' id='word_1_23' title='bbox 427 508 488 538; x_wconf 88' lang='lat' dir='ltr'>est</span> <span class='ocrx_word' id='word_1_24' title='bbox 531 498 600 537; x_wconf 80' lang='lat' dir='ltr'>illa</span> <span class='ocrx_word' id='word_1_25' title='bbox 642 497 763 547; x_wconf 81' lang='lat' dir='ltr'>visio,</span> <span class='ocrx_word' id='word_1_26' title='bbox 814 511 899 536; x_wconf 91' lang='lat' dir='ltr'>non</span> <span class='ocrx_word' id='word_1_27' title='bbox 948 510 1149 550; x_wconf 83' lang='lat' dir='ltr'>presumo</span> <span class='ocrx_word' id='word_1_28' title='bbox 1196 496 1302 536; x_wconf 90' lang='lat' dir='ltr'>illud</span> <span class='ocrx_word' id='word_1_29' title='bbox 1349 495 1599 548; x_wconf 83' lang='lat' dir='ltr'>sompnium</span> 
     </span>
     <span class='ocr_line' id='line_1_5' title="bbox 276 565 1598 620; baseline -0.002 -13"><span class='ocrx_word' id='word_1_30' title='bbox 276 569 465 608; x_wconf 84' lang='lat' dir='ltr'>revelare.</span> <span class='ocrx_word' id='word_1_31' title='bbox 521 568 659 608; x_wconf 81' lang='lat' dir='ltr'>Credo</span> <span class='ocrx_word' id='word_1_32' title='bbox 703 576 846 606; x_wconf 88' lang='lat' dir='ltr'>autem</span> <span class='ocrx_word' id='word_1_33' title='bbox 901 568 1017 620; x_wconf 82' lang='lat' dir='ltr'>quod</span> <span class='ocrx_word' id='word_1_34' title='bbox 1062 566 1104 605; x_wconf 91' lang='lat' dir='ltr'>in</span> <span class='ocrx_word' id='word_1_35' title='bbox 1149 565 1359 605; x_wconf 91' lang='lat' dir='ltr'>occisione</span> <span class='ocrx_word' id='word_1_36' title='bbox 1420 566 1598 605; x_wconf 89' lang='lat' dir='ltr'>istorum</span> 
     </span>
     <span class='ocr_line' id='line_1_6' title="bbox 242 636 1597 688; baseline -0.001 -12"><span class='ocrx_word' id='word_1_37' title='bbox 242 651 258 681; x_wconf 72' lang='lat'><strong>5</strong></span> <span class='ocrx_word' id='word_1_38' title='bbox 275 639 500 678; x_wconf 89' lang='lat' dir='ltr'>hominum</span> <span class='ocrx_word' id='word_1_39' title='bbox 523 637 749 678; x_wconf 89' lang='lat' dir='ltr'>commissa</span> <span class='ocrx_word' id='word_1_40' title='bbox 777 646 892 676; x_wconf 83' lang='lat' dir='ltr'>erant</span> <span class='ocrx_word' id='word_1_41' title='bbox 914 637 1121 676; x_wconf 84' lang='lat' dir='ltr'>horrenda</span> <span class='ocrx_word' id='word_1_42' title='bbox 1146 636 1344 688; x_wconf 79' lang='lat' dir='ltr'>facinora,</span> <span class='ocrx_word' id='word_1_43' title='bbox 1377 636 1447 675; x_wconf 88' lang='lat' dir='ltr'>sed</span> <span class='ocrx_word' id='word_1_44' title='bbox 1482 649 1597 675; x_wconf 88' lang='lat' dir='ltr'>com—</span> 
     </span>
     <span class='ocr_line' id='line_1_7' title="bbox 276 705 1600 762; baseline -0.003 -14"><span class='ocrx_word' id='word_1_45' title='bbox 276 710 544 761; x_wconf 78' lang='lat' dir='ltr'>paracionem</span> <span class='ocrx_word' id='word_1_46' title='bbox 590 708 825 762; x_wconf 81' lang='lat' dir='ltr'>gravedinis</span> <span class='ocrx_word' id='word_1_47' title='bbox 874 708 1065 760; x_wconf 89' lang='lat' dir='ltr'>ipsorum</span> <span class='ocrx_word' id='word_1_48' title='bbox 1109 708 1161 745; x_wconf 86' lang='lat' dir='ltr'>ad</span> <span class='ocrx_word' id='word_1_49' title='bbox 1208 706 1287 745; x_wconf 82' lang='lat' dir='ltr'>alia</span> <span class='ocrx_word' id='word_1_50' title='bbox 1326 705 1493 745; x_wconf 84' lang='lat' dir='ltr'>difficile</span> <span class='ocrx_word' id='word_1_51' title='bbox 1539 713 1600 744; x_wconf 86' lang='lat' dir='ltr'>est</span> 
     </span>
     <span class='ocr_line' id='line_1_8' title="bbox 273 776 1600 831; baseline -0.003 -13"><span class='ocrx_word' id='word_1_52' title='bbox 273 789 422 827; x_wconf 80' lang='lat' dir='ltr'>taxare,</span> <span class='ocrx_word' id='word_1_53' title='bbox 468 793 566 818; x_wconf 90' lang='lat' dir='ltr'>cum</span> <span class='ocrx_word' id='word_1_54' title='bbox 597 778 819 817; x_wconf 78' lang='lat' dir='ltr'>verisimile</span> <span class='ocrx_word' id='word_1_55' title='bbox 852 787 912 817; x_wconf 90' lang='lat' dir='ltr'>est</span> <span class='ocrx_word' id='word_1_56' title='bbox 964 778 1079 831; x_wconf 82' lang='lat' dir='ltr'>quod</span> <span class='ocrx_word' id='word_1_57' title='bbox 1120 777 1197 816; x_wconf 89' lang='lat' dir='ltr'>alie</span> <span class='ocrx_word' id='word_1_58' title='bbox 1230 776 1495 829; x_wconf 88' lang='lat' dir='ltr'>polluciones</span> <span class='ocrx_word' id='word_1_59' title='bbox 1527 789 1600 828; x_wconf 91' lang='lat' dir='ltr'>per</span> 
     </span>
     <span class='ocr_line' id='line_1_9' title="bbox 275 845 1589 888; baseline -0.004 0"><span class='ocrx_word' id='word_1_60' title='bbox 275 849 504 888; x_wconf 82' lang='lat' dir='ltr'>occisiones</span> <span class='ocrx_word' id='word_1_61' title='bbox 537 858 576 888; x_wconf 91' lang='lat' dir='ltr'>et</span> <span class='ocrx_word' id='word_1_62' title='bbox 609 848 923 887; x_wconf 77' lang='lat' dir='ltr'>verberaciones</span> <span class='ocrx_word' id='word_1_63' title='bbox 956 848 1220 886; x_wconf 85' lang='lat' dir='ltr'>sacerdotum</span> <span class='ocrx_word' id='word_1_64' title='bbox 1256 846 1309 885; x_wconf 88' lang='lat' dir='ltr'>ibi</span> <span class='ocrx_word' id='word_1_65' title='bbox 1344 856 1383 885; x_wconf 91' lang='lat' dir='ltr'>et</span> <span class='ocrx_word' id='word_1_66' title='bbox 1417 845 1512 884; x_wconf 83' lang='lat' dir='ltr'>alibi</span> <span class='ocrx_word' id='word_1_67' title='bbox 1550 845 1589 883; x_wconf 90' lang='lat' dir='ltr'>in</span> 
     </span>
     <span class='ocr_line' id='line_1_10' title="bbox 274 916 1599 972; baseline -0.002 -15"><span class='ocrx_word' id='word_1_68' title='bbox 274 919 426 972; x_wconf 85' lang='lat' dir='ltr'>Anglia</span> <span class='ocrx_word' id='word_1_69' title='bbox 458 919 713 958; x_wconf 83' lang='lat' dir='ltr'>induxerunt</span> <span class='ocrx_word' id='word_1_70' title='bbox 748 918 788 957; x_wconf 93' lang='lat' dir='ltr'>in</span> <span class='ocrx_word' id='word_1_71' title='bbox 824 932 1004 969; x_wconf 74' lang='lat' dir='ltr'>regnum</span> <span class='ocrx_word' id='word_1_72' title='bbox 1043 917 1219 956; x_wconf 82' lang='lat' dir='ltr'>crimina</span> <span class='ocrx_word' id='word_1_73' title='bbox 1253 916 1454 968; x_wconf 68' lang='lat' dir='ltr'>graviora.</span> <span class='ocrx_word' id='word_1_74' title='bbox 1502 917 1599 955; x_wconf 91' lang='lat' dir='ltr'>Ideo</span> 
     </span>
    </p>

    <p class='ocr_par' dir='ltr' id='par_1_3' title="bbox 219 986 1603 2656">
     <span class='ocr_line' id='line_1_11' title="bbox 221 986 1600 1043; baseline -0.004 -13"><span class='ocrx_word' id='word_1_75' title='bbox 221 990 426 1031; x_wconf 86' lang='lat' dir='ltr'>10vellem</span> <span class='ocrx_word' id='word_1_76' title='bbox 481 990 596 1043; x_wconf 85' lang='lat' dir='ltr'>quod</span> <span class='ocrx_word' id='word_1_77' title='bbox 648 989 791 1028; x_wconf 80' lang='lat' dir='ltr'>onmia</span> <span class='ocrx_word' id='word_1_78' title='bbox 832 988 901 1027; x_wconf 84' lang='lat' dir='ltr'>illa</span> <span class='ocrx_word' id='word_1_79' title='bbox 939 987 1114 1027; x_wconf 84' lang='lat' dir='ltr'>crimina</span> <span class='ocrx_word' id='word_1_80' title='bbox 1146 987 1227 1026; x_wconf 90' lang='lat' dir='ltr'>sint</span> <span class='ocrx_word' id='word_1_81' title='bbox 1260 995 1455 1037; x_wconf 80' lang='lat' dir='ltr'>correcta,</span> <span class='ocrx_word' id='word_1_82' title='bbox 1501 986 1600 1039; x_wconf 84' lang='lat' dir='ltr'>quia</span> 
     </span>
     <span class='ocr_line' id='line_1_12' title="bbox 275 1058 1599 1111; baseline -0.003 -12"><span class='ocrx_word' id='word_1_83' title='bbox 275 1069 408 1099; x_wconf 90' lang='lat' dir='ltr'>certus</span> <span class='ocrx_word' id='word_1_84' title='bbox 454 1074 549 1099; x_wconf 87' lang='lat' dir='ltr'>sum</span> <span class='ocrx_word' id='word_1_85' title='bbox 583 1074 629 1099; x_wconf 81' lang='lat' dir='ltr'>ex</span> <span class='ocrx_word' id='word_1_86' title='bbox 673 1058 753 1098; x_wconf 86' lang='lat' dir='ltr'>fide</span> <span class='ocrx_word' id='word_1_87' title='bbox 797 1059 999 1111; x_wconf 78' lang='lat' dir='ltr'>scripture</span> <span class='ocrx_word' id='word_1_88' title='bbox 1041 1058 1159 1111; x_wconf 88' lang='lat' dir='ltr'>quod</span> <span class='ocrx_word' id='word_1_89' title='bbox 1197 1066 1377 1110; x_wconf 85' lang='lat' dir='ltr'>purgato</span> <span class='ocrx_word' id='word_1_90' title='bbox 1415 1070 1545 1109; x_wconf 83' lang='lat' dir='ltr'>regno</span> <span class='ocrx_word' id='word_1_91' title='bbox 1579 1070 1599 1095; x_wconf 82' lang='lat' dir='ltr'>a</span> 
     </span>
     <span class='ocr_line' id='line_1_13' title="bbox 274 1126 1601 1179; baseline -0.004 -10"><span class='ocrx_word' id='word_1_92' title='bbox 274 1130 448 1169; x_wconf 89' lang='lat' dir='ltr'>crimine</span> <span class='ocrx_word' id='word_1_93' title='bbox 481 1139 520 1169; x_wconf 90' lang='lat' dir='ltr'>et</span> <span class='ocrx_word' id='word_1_94' title='bbox 549 1129 817 1169; x_wconf 86' lang='lat' dir='ltr'>reconciliato</span> <span class='ocrx_word' id='word_1_95' title='bbox 842 1129 931 1167; x_wconf 89' lang='lat' dir='ltr'>Deo</span> <span class='ocrx_word' id='word_1_96' title='bbox 964 1142 1042 1167; x_wconf 86' lang='lat' dir='ltr'>suo</span> <span class='ocrx_word' id='word_1_97' title='bbox 1077 1141 1162 1167; x_wconf 88' lang='lat' dir='ltr'>non</span> <span class='ocrx_word' id='word_1_98' title='bbox 1198 1136 1258 1166; x_wconf 91' lang='lat' dir='ltr'>est</span> <span class='ocrx_word' id='word_1_99' title='bbox 1290 1126 1601 1179; x_wconf 82' lang='lat' dir='ltr'>compossibilis</span> 
     </span>
     <span class='ocr_line' id='line_1_14' title="bbox 276 1196 1603 1240; baseline -0.004 -1"><span class='ocrx_word' id='word_1_100' title='bbox 276 1201 495 1240; x_wconf 82' lang='lat' dir='ltr'>tribulacio</span> <span class='ocrx_word' id='word_1_101' title='bbox 529 1201 579 1239; x_wconf 84' lang='lat' dir='ltr'>ab</span> <span class='ocrx_word' id='word_1_102' title='bbox 610 1200 840 1240; x_wconf 82' lang='lat' dir='ltr'>extrinseco</span> <span class='ocrx_word' id='word_1_103' title='bbox 871 1199 935 1238; x_wconf 81' lang='lat' dir='ltr'>vel</span> <span class='ocrx_word' id='word_1_104' title='bbox 964 1198 1190 1238; x_wconf 88' lang='lat' dir='ltr'>intrinseco</span> <span class='ocrx_word' id='word_1_105' title='bbox 1223 1197 1300 1236; x_wconf 89' lang='lat' dir='ltr'>nisi</span> <span class='ocrx_word' id='word_1_106' title='bbox 1331 1197 1406 1235; x_wconf 82' lang='lat' dir='ltr'>sibi</span> <span class='ocrx_word' id='word_1_107' title='bbox 1437 1196 1603 1235; x_wconf 88' lang='lat' dir='ltr'>cesserit</span> 
     </span>
     <span class='ocr_line' id='line_1_15' title="bbox 274 1267 1598 1324; baseline -0.004 -15"><span class='ocrx_word' id='word_1_108' title='bbox 274 1271 325 1309; x_wconf 86' lang='lat' dir='ltr'>ad</span> <span class='ocrx_word' id='word_1_109' title='bbox 359 1270 612 1324; x_wconf 82' lang='lat' dir='ltr'>profectum,</span> <span class='ocrx_word' id='word_1_110' title='bbox 660 1270 759 1323; x_wconf 85' lang='lat' dir='ltr'>quia</span> <span class='ocrx_word' id='word_1_111' title='bbox 798 1269 839 1307; x_wconf 91' lang='lat' dir='ltr'>in</span> <span class='ocrx_word' id='word_1_112' title='bbox 874 1268 1070 1308; x_wconf 83' lang='lat' dir='ltr'>oracione</span> <span class='ocrx_word' id='word_1_113' title='bbox 1105 1267 1275 1307; x_wconf 86' lang='lat' dir='ltr'>ecclesie</span> <span class='ocrx_word' id='word_1_114' title='bbox 1309 1267 1366 1306; x_wconf 92' lang='lat' dir='ltr'>sic</span> <span class='ocrx_word' id='word_1_115' title='bbox 1399 1267 1598 1305; x_wconf 85' lang='lat' dir='ltr'>habetur:</span> 
     </span>
     <span class='ocr_line' id='line_1_16' title="bbox 222 1338 1599 1388; baseline -0.005 -6"><span class='ocrx_word' id='word_1_116' title='bbox 222 1351 257 1382; x_wconf 75' lang='lat'>15</span> <span class='ocrx_word' id='word_1_117' title='bbox 276 1341 412 1380; x_wconf 77' lang='lat' dir='ltr'><em>Nulla</em></span> <span class='ocrx_word' id='word_1_118' title='bbox 446 1342 485 1380; x_wconf 80' lang='lat' dir='ltr'>ei</span> <span class='ocrx_word' id='word_1_119' title='bbox 516 1341 681 1380; x_wconf 81' lang='lat' dir='ltr'>nocebit</span> <span class='ocrx_word' id='word_1_120' title='bbox 713 1340 972 1388; x_wconf 78' lang='lat' dir='ltr'>adversitas,</span> <span class='ocrx_word' id='word_1_121' title='bbox 1010 1339 1049 1378; x_wconf 79' lang='lat' dir='ltr'>Si</span> <span class='ocrx_word' id='word_1_122' title='bbox 1083 1338 1206 1377; x_wconf 77' lang='lat' dir='ltr'>nulla</span> <span class='ocrx_word' id='word_1_123' title='bbox 1240 1338 1486 1377; x_wconf 79' lang='lat' dir='ltr'>dominetur</span> <span class='ocrx_word' id='word_1_124' title='bbox 1519 1338 1599 1376; x_wconf 84' lang='lat' dir='ltr'>ini-</span> 
     </span>
     <span class='ocr_line' id='line_1_17' title="bbox 274 1407 1599 1463; baseline -0.003 -14"><span class='ocrx_word' id='word_1_125' title='bbox 274 1412 431 1463; x_wconf 75' lang='lat' dir='ltr'>quitas.</span> <span class='ocrx_word' id='word_1_126' title='bbox 480 1411 663 1451; x_wconf 77' lang='lat' dir='ltr'>Ulterius</span> <span class='ocrx_word' id='word_1_127' title='bbox 696 1419 835 1449; x_wconf 77' lang='lat' dir='ltr'>tamen</span> <span class='ocrx_word' id='word_1_128' title='bbox 871 1409 967 1462; x_wconf 90' lang='lat' dir='ltr'>plus</span> <span class='ocrx_word' id='word_1_129' title='bbox 1001 1409 1258 1461; x_wconf 84' lang='lat' dir='ltr'>credendum</span> <span class='ocrx_word' id='word_1_130' title='bbox 1292 1417 1352 1446; x_wconf 90' lang='lat' dir='ltr'>est</span> <span class='ocrx_word' id='word_1_131' title='bbox 1385 1407 1476 1446; x_wconf 82' lang='lat' dir='ltr'>vive</span> <span class='ocrx_word' id='word_1_132' title='bbox 1508 1407 1599 1446; x_wconf 83' lang='lat' dir='ltr'>voci</span> 
     </span>
     <span class='ocr_line' id='line_1_18' title="bbox 275 1477 1598 1534; baseline -0.004 -14"><span class='ocrx_word' id='word_1_133' title='bbox 275 1481 445 1534; x_wconf 87' lang='lat' dir='ltr'>spiritus</span> <span class='ocrx_word' id='word_1_134' title='bbox 478 1481 623 1531; x_wconf 87' lang='lat' dir='ltr'>sancti,</span> <span class='ocrx_word' id='word_1_135' title='bbox 657 1494 787 1533; x_wconf 81' lang='lat' dir='ltr'>quam</span> <span class='ocrx_word' id='word_1_136' title='bbox 819 1479 953 1519; x_wconf 79' lang='lat' dir='ltr'>verbis</span> <span class='ocrx_word' id='word_1_137' title='bbox 978 1479 1042 1517; x_wconf 83' lang='lat' dir='ltr'>vel</span> <span class='ocrx_word' id='word_1_138' title='bbox 1076 1478 1286 1531; x_wconf 84' lang='lat' dir='ltr'>sompniis</span> <span class='ocrx_word' id='word_1_139' title='bbox 1320 1477 1447 1530; x_wconf 83' lang='lat' dir='ltr'>patris</span> <span class='ocrx_word' id='word_1_140' title='bbox 1481 1491 1598 1517; x_wconf 84' lang='lat' dir='ltr'>men—</span> 
     </span>
     <span class='ocr_line' id='line_1_19' title="bbox 275 1547 1598 1604; baseline -0.002 -15"><span class='ocrx_word' id='word_1_141' title='bbox 275 1551 393 1603; x_wconf 77' lang='lat' dir='ltr'>dacii,</span> <span class='ocrx_word' id='word_1_142' title='bbox 428 1565 525 1590; x_wconf 91' lang='lat' dir='ltr'>cum</span> <span class='ocrx_word' id='word_1_143' title='bbox 558 1551 818 1604; x_wconf 83' lang='lat' dir='ltr'>quandoque</span> <span class='ocrx_word' id='word_1_144' title='bbox 844 1550 1036 1589; x_wconf 83' lang='lat' dir='ltr'>inmiscet</span> <span class='ocrx_word' id='word_1_145' title='bbox 1058 1563 1220 1601; x_wconf 73' lang='lat' dir='ltr'>verum,</span> <span class='ocrx_word' id='word_1_146' title='bbox 1253 1557 1298 1587; x_wconf 89' lang='lat' dir='ltr'>ut</span> <span class='ocrx_word' id='word_1_147' title='bbox 1332 1547 1464 1599; x_wconf 80' lang='lat' dir='ltr'>magis</span> <span class='ocrx_word' id='word_1_148' title='bbox 1490 1547 1598 1587; x_wconf 87' lang='lat' dir='ltr'>srau-</span> 
     </span>
     <span class='ocr_line' id='line_1_20' title="bbox 275 1618 1601 1674; baseline -0.003 -14"><span class='ocrx_word' id='word_1_149' title='bbox 275 1623 466 1661; x_wconf 86' lang='lat' dir='ltr'>dulenter</span> <span class='ocrx_word' id='word_1_150' title='bbox 488 1621 679 1674; x_wconf 84' lang='lat' dir='ltr'>decipiat.</span> <span class='ocrx_word' id='word_1_151' title='bbox 705 1622 948 1662; x_wconf 79' lang='lat' dir='ltr'>Videndum</span> <span class='ocrx_word' id='word_1_152' title='bbox 972 1629 1033 1660; x_wconf 92' lang='lat' dir='ltr'>est</span> <span class='ocrx_word' id='word_1_153' title='bbox 1057 1634 1104 1659; x_wconf 79' lang='lat' dir='ltr'>ex</span> <span class='ocrx_word' id='word_1_154' title='bbox 1119 1619 1253 1658; x_wconf 89' lang='lat' dir='ltr'>verbis</span> <span class='ocrx_word' id='word_1_155' title='bbox 1279 1618 1482 1671; x_wconf 82' lang='lat' dir='ltr'>scripture</span> <span class='ocrx_word' id='word_1_156' title='bbox 1525 1632 1601 1670; x_wconf 92' lang='lat' dir='ltr'>pro</span> 
     </span>
     <span class='ocr_line' id='line_1_21' title="bbox 219 1689 1602 1746; baseline -0.004 -14"><span class='ocrx_word' id='word_1_157' title='bbox 219 1712 258 1732; x_wconf 80' lang='lat'>20</span> <span class='ocrx_word' id='word_1_158' title='bbox 274 1692 427 1746; x_wconf 84' lang='lat' dir='ltr'>quibus</span> <span class='ocrx_word' id='word_1_159' title='bbox 451 1692 630 1745; x_wconf 86' lang='lat' dir='ltr'>peccatis</span> <span class='ocrx_word' id='word_1_160' title='bbox 654 1691 863 1743; x_wconf 82' lang='lat' dir='ltr'>contingit</span> <span class='ocrx_word' id='word_1_161' title='bbox 890 1705 1117 1744; x_wconf 84' lang='lat' dir='ltr'>regnorum</span> <span class='ocrx_word' id='word_1_162' title='bbox 1145 1689 1393 1741; x_wconf 76' lang='lat' dir='ltr'>destruccio,</span> <span class='ocrx_word' id='word_1_163' title='bbox 1427 1697 1467 1727; x_wconf 93' lang='lat' dir='ltr'>et</span> <span class='ocrx_word' id='word_1_164' title='bbox 1489 1697 1602 1741; x_wconf 86' lang='lat' dir='ltr'>patet</span> 
     </span>
     <span class='ocr_line' id='line_1_22' title="bbox 275 1758 1601 1815; baseline -0.004 -13"><span class='ocrx_word' id='word_1_165' title='bbox 275 1777 322 1802; x_wconf 81' lang='lat' dir='ltr'>ex</span> <span class='ocrx_word' id='word_1_166' title='bbox 346 1763 458 1802; x_wconf 90' lang='lat' dir='ltr'>dicto</span> <span class='ocrx_word' id='word_1_167' title='bbox 488 1762 685 1815; x_wconf 85' lang='lat' dir='ltr'>sapientis</span> <span class='ocrx_word' id='word_1_168' title='bbox 709 1761 985 1801; x_wconf 86' lang='lat' dir='ltr'>Ecclesiastici</span> <span class='ocrx_word' id='word_1_169' title='bbox 1009 1761 1067 1799; x_wconf 71' lang='lat' dir='ltr'>XO</span> <span class='ocrx_word' id='word_1_170' title='bbox 1092 1760 1210 1813; x_wconf 87' lang='lat' dir='ltr'>quod</span> <span class='ocrx_word' id='word_1_171' title='bbox 1232 1758 1439 1798; x_wconf 88' lang='lat' dir='ltr'>iniusticie</span> <span class='ocrx_word' id='word_1_172' title='bbox 1462 1759 1601 1811; x_wconf 85' lang='lat' dir='ltr'>quoad</span> 
     </span>
     <span class='ocr_line' id='line_1_23' title="bbox 277 1829 1601 1885; baseline -0.002 -13"><span class='ocrx_word' id='word_1_173' title='bbox 277 1834 413 1872; x_wconf 87' lang='lat' dir='ltr'>Deum</span> <span class='ocrx_word' id='word_1_174' title='bbox 438 1842 477 1872; x_wconf 91' lang='lat' dir='ltr'>et</span> <span class='ocrx_word' id='word_1_175' title='bbox 498 1832 647 1872; x_wconf 85' lang='lat' dir='ltr'>iniurie</span> <span class='ocrx_word' id='word_1_176' title='bbox 670 1833 812 1885; x_wconf 85' lang='lat' dir='ltr'>quoad</span> <span class='ocrx_word' id='word_1_177' title='bbox 840 1831 1084 1884; x_wconf 82' lang='lat' dir='ltr'>proximum</span> <span class='ocrx_word' id='word_1_178' title='bbox 1113 1839 1211 1869; x_wconf 89' lang='lat' dir='ltr'>sunt</span> <span class='ocrx_word' id='word_1_179' title='bbox 1238 1843 1361 1868; x_wconf 78' lang='lat' dir='ltr'>causa</span> <span class='ocrx_word' id='word_1_180' title='bbox 1390 1829 1601 1881; x_wconf 84' lang='lat' dir='ltr'>precipua.</span> 
     </span>
     <span class='ocr_line' id='line_1_24' title="bbox 278 1901 1600 1955; baseline -0.005 -13"><span class='ocrx_word' id='word_1_181' title='bbox 278 1904 329 1942; x_wconf 83' lang='lat' dir='ltr'>Et</span> <span class='ocrx_word' id='word_1_182' title='bbox 361 1917 459 1942; x_wconf 89' lang='lat' dir='ltr'>cum</span> <span class='ocrx_word' id='word_1_183' title='bbox 491 1903 541 1942; x_wconf 86' lang='lat' dir='ltr'>ad</span> <span class='ocrx_word' id='word_1_184' title='bbox 565 1916 706 1955; x_wconf 77' lang='lat' dir='ltr'>regem</span> <span class='ocrx_word' id='word_1_185' title='bbox 738 1901 918 1954; x_wconf 86' lang='lat' dir='ltr'>pertinet</span> <span class='ocrx_word' id='word_1_186' title='bbox 951 1901 992 1940; x_wconf 84' lang='lat' dir='ltr'>in</span> <span class='ocrx_word' id='word_1_187' title='bbox 1025 1914 1154 1953; x_wconf 78' lang='lat' dir='ltr'>regno</span> <span class='ocrx_word' id='word_1_188' title='bbox 1178 1913 1255 1938; x_wconf 91' lang='lat' dir='ltr'>suo</span> <span class='ocrx_word' id='word_1_189' title='bbox 1279 1909 1510 1951; x_wconf 83' lang='lat' dir='ltr'>utrumque</span> <span class='ocrx_word' id='word_1_190' title='bbox 1534 1913 1600 1937; x_wconf 83' lang='lat' dir='ltr'>ex-</span> 
     </span>
     <span class='ocr_line' id='line_1_25' title="bbox 278 1964 1602 2026; baseline -0.005 -13"><span class='ocrx_word' id='word_1_191' title='bbox 278 1973 479 2026; x_wconf 81' lang='lat' dir='ltr'>tinguere,</span> <span class='ocrx_word' id='word_1_192' title='bbox 503 1981 615 2025; x_wconf 81' lang='lat' dir='ltr'>patet</span> <span class='ocrx_word' id='word_1_193' title='bbox 638 1972 752 2025; x_wconf 84' lang='lat' dir='ltr'>quod</span> <span class='ocrx_word' id='word_1_194' title='bbox 776 1971 951 2010; x_wconf 87' lang='lat' dir='ltr'>omissio</span> <span class='ocrx_word' id='word_1_195' title='bbox 974 1970 1080 2023; x_wconf 78' lang='lat' dir='ltr'>regis</span> <span class='ocrx_word' id='word_1_196' title='bbox 1110 1970 1151 2008; x_wconf 91' lang='lat' dir='ltr'>in</span> <span class='ocrx_word' id='word_1_197' title='bbox 1173 1964 1420 2021; x_wconf 81' lang='lat' dir='ltr'>&#39;corrigendo</span> <span class='ocrx_word' id='word_1_198' title='bbox 1444 1970 1602 2008; x_wconf 88' lang='lat' dir='ltr'>clerum</span> 
     </span>
     <span class='ocr_line' id='line_1_26' title="bbox 221 2039 1600 2094; baseline -0.004 -12"><span class='ocrx_word' id='word_1_199' title='bbox 221 2054 260 2086; x_wconf 77' lang='lat'>25</span> <span class='ocrx_word' id='word_1_200' title='bbox 278 2044 362 2082; x_wconf 87' lang='lat' dir='ltr'>suis</span> <span class='ocrx_word' id='word_1_201' title='bbox 394 2042 634 2082; x_wconf 87' lang='lat' dir='ltr'>elemosinis</span> <span class='ocrx_word' id='word_1_202' title='bbox 668 2043 910 2081; x_wconf 77' lang='lat' dir='ltr'>abutentem</span> <span class='ocrx_word' id='word_1_203' title='bbox 946 2050 985 2080; x_wconf 89' lang='lat' dir='ltr'>et</span> <span class='ocrx_word' id='word_1_204' title='bbox 1016 2041 1057 2079; x_wconf 89' lang='lat' dir='ltr'>in</span> <span class='ocrx_word' id='word_1_205' title='bbox 1092 2040 1339 2094; x_wconf 82' lang='lat' dir='ltr'>corrigendo</span> <span class='ocrx_word' id='word_1_206' title='bbox 1373 2039 1600 2079; x_wconf 84' lang='lat' dir='ltr'>secularem</span> 
     </span>
     <span class='ocr_line' id='line_1_27' title="bbox 277 2109 1602 2165; baseline -0.004 -13"><span class='ocrx_word' id='word_1_207' title='bbox 277 2113 479 2153; x_wconf 84' lang='lat' dir='ltr'>miliciam</span> <span class='ocrx_word' id='word_1_208' title='bbox 522 2126 671 2165; x_wconf 80' lang='lat' dir='ltr'>pacem</span> <span class='ocrx_word' id='word_1_209' title='bbox 715 2112 885 2151; x_wconf 88' lang='lat' dir='ltr'>ecclesie</span> <span class='ocrx_word' id='word_1_210' title='bbox 935 2111 1264 2164; x_wconf 80' lang='lat' dir='ltr'>perturbantem,</span> <span class='ocrx_word' id='word_1_211' title='bbox 1312 2119 1373 2149; x_wconf 91' lang='lat' dir='ltr'>est</span> <span class='ocrx_word' id='word_1_212' title='bbox 1416 2109 1458 2147; x_wconf 92' lang='lat' dir='ltr'>in</span> <span class='ocrx_word' id='word_1_213' title='bbox 1507 2123 1602 2162; x_wconf 78' lang='lat' dir='ltr'>rege</span> 
     </span>
     <span class='ocr_line' id='line_1_28' title="bbox 280 2180 1603 2236; baseline -0.004 -13"><span class='ocrx_word' id='word_1_214' title='bbox 280 2198 404 2223; x_wconf 83' lang='lat' dir='ltr'>causa</span> <span class='ocrx_word' id='word_1_215' title='bbox 420 2183 632 2236; x_wconf 76' lang='lat' dir='ltr'>precipua.</span> <span class='ocrx_word' id='word_1_216' title='bbox 657 2184 738 2223; x_wconf 85' lang='lat' dir='ltr'>Sed</span> <span class='ocrx_word' id='word_1_217' title='bbox 756 2197 805 2222; x_wconf 82' lang='lat' dir='ltr'>ve</span> <span class='ocrx_word' id='word_1_218' title='bbox 830 2182 1164 2236; x_wconf 81' lang='lat' dir='ltr'>speculatoribus</span> <span class='ocrx_word' id='word_1_219' title='bbox 1187 2181 1259 2235; x_wconf 84' lang='lat' dir='ltr'>qui</span> <span class='ocrx_word' id='word_1_220' title='bbox 1282 2180 1385 2219; x_wconf 91' lang='lat' dir='ltr'>illud</span> <span class='ocrx_word' id='word_1_221' title='bbox 1420 2180 1603 2219; x_wconf 87' lang='lat' dir='ltr'>dicerent</span> 
     </span>
     <span class='ocr_line' id='line_1_29' title="bbox 278 2252 1603 2307; baseline -0.004 -14"><span class='ocrx_word' id='word_1_222' title='bbox 278 2254 361 2307; x_wconf 80' lang='lat' dir='ltr'>regi</span> <span class='ocrx_word' id='word_1_223' title='bbox 397 2265 497 2303; x_wconf 69' lang='lat' dir='ltr'>suo}</span> <span class='ocrx_word' id='word_1_224' title='bbox 531 2253 610 2307; x_wconf 87' lang='lat' dir='ltr'>ipsi</span> <span class='ocrx_word' id='word_1_225' title='bbox 644 2254 758 2293; x_wconf 87' lang='lat' dir='ltr'>enim</span> <span class='ocrx_word' id='word_1_226' title='bbox 791 2253 898 2293; x_wconf 86' lang='lat' dir='ltr'>sicut</span> <span class='ocrx_word' id='word_1_227' title='bbox 931 2253 1165 2292; x_wconf 86' lang='lat' dir='ltr'>sacerdotes</span> <span class='ocrx_word' id='word_1_228' title='bbox 1188 2252 1316 2291; x_wconf 89' lang='lat' dir='ltr'>Judee</span> <span class='ocrx_word' id='word_1_229' title='bbox 1349 2259 1447 2290; x_wconf 92' lang='lat' dir='ltr'>sunt</span> <span class='ocrx_word' id='word_1_230' title='bbox 1480 2264 1603 2290; x_wconf 86' lang='lat' dir='ltr'>causa</span> 
     </span>
     <span class='ocr_line' id='line_1_30' title="bbox 279 2320 1603 2377; baseline -0.005 -13"><span class='ocrx_word' id='word_1_231' title='bbox 279 2325 480 2377; x_wconf 87' lang='lat' dir='ltr'>precipua</span> <span class='ocrx_word' id='word_1_232' title='bbox 524 2324 835 2377; x_wconf 90' lang='lat' dir='ltr'>persecucionis</span> <span class='ocrx_word' id='word_1_233' title='bbox 880 2332 1023 2363; x_wconf 89' lang='lat' dir='ltr'>nostre</span> <span class='ocrx_word' id='word_1_234' title='bbox 1063 2322 1248 2373; x_wconf 78' lang='lat' dir='ltr'>ecclesie,</span> <span class='ocrx_word' id='word_1_235' title='bbox 1294 2321 1326 2360; x_wconf 91' lang='lat' dir='ltr'>si</span> <span class='ocrx_word' id='word_1_236' title='bbox 1371 2320 1603 2373; x_wconf 77' lang='lat' dir='ltr'>contingat,</span> 
     </span>
     <span class='ocr_line' id='line_1_31' title="bbox 224 2390 1601 2448; baseline -0.004 -14"><span class='ocrx_word' id='word_1_237' title='bbox 224 2404 265 2435; x_wconf 73' lang='lat'>30</span> <span class='ocrx_word' id='word_1_238' title='bbox 281 2408 379 2434; x_wconf 90' lang='lat' dir='ltr'>cum</span> <span class='ocrx_word' id='word_1_239' title='bbox 423 2394 466 2433; x_wconf 87' lang='lat' dir='ltr'>in</span> <span class='ocrx_word' id='word_1_240' title='bbox 507 2408 692 2448; x_wconf 87' lang='lat' dir='ltr'>quorum</span> <span class='ocrx_word' id='word_1_241' title='bbox 736 2393 928 2447; x_wconf 89' lang='lat' dir='ltr'>profectu</span> <span class='ocrx_word' id='word_1_242' title='bbox 973 2401 1054 2432; x_wconf 85' lang='lat' dir='ltr'>stat</span> <span class='ocrx_word' id='word_1_243' title='bbox 1100 2392 1213 2445; x_wconf 84' lang='lat' dir='ltr'>regni</span> <span class='ocrx_word' id='word_1_244' title='bbox 1248 2391 1516 2444; x_wconf 80' lang='lat' dir='ltr'>prosperitas,</span> <span class='ocrx_word' id='word_1_245' title='bbox 1562 2390 1601 2428; x_wconf 89' lang='lat' dir='ltr'>in</span> 
     </span>
     <span class='ocr_line' id='line_1_32' title="bbox 283 2462 1600 2516; baseline -0.003 -13"><span class='ocrx_word' id='word_1_246' title='bbox 283 2478 432 2504; x_wconf 89' lang='lat' dir='ltr'>eorum</span> <span class='ocrx_word' id='word_1_247' title='bbox 465 2464 630 2504; x_wconf 89' lang='lat' dir='ltr'>defectu</span> <span class='ocrx_word' id='word_1_248' title='bbox 662 2472 742 2503; x_wconf 88' lang='lat' dir='ltr'>stat</span> <span class='ocrx_word' id='word_1_249' title='bbox 772 2463 889 2516; x_wconf 82' lang='lat' dir='ltr'>regni</span> <span class='ocrx_word' id='word_1_250' title='bbox 920 2462 1159 2502; x_wconf 83' lang='lat' dir='ltr'>adversitas.</span> <span class='ocrx_word' id='word_1_251' title='bbox 1194 2462 1438 2501; x_wconf 83' lang='lat' dir='ltr'>Sacerdotes</span> <span class='ocrx_word' id='word_1_252' title='bbox 1461 2470 1600 2500; x_wconf 83' lang='lat' dir='ltr'>autem</span> 
     </span>
     <span class='ocr_line' id='line_1_33' title="bbox 281 2531 1602 2581; baseline -0.003 -8"><span class='ocrx_word' id='word_1_253' title='bbox 281 2534 357 2573; x_wconf 90' lang='lat' dir='ltr'>Dei</span> <span class='ocrx_word' id='word_1_254' title='bbox 403 2535 555 2573; x_wconf 90' lang='lat' dir='ltr'>debent</span> <span class='ocrx_word' id='word_1_255' title='bbox 592 2533 907 2573; x_wconf 82' lang='lat' dir='ltr'>antonomatice</span> <span class='ocrx_word' id='word_1_256' title='bbox 941 2546 1028 2572; x_wconf 87' lang='lat' dir='ltr'>esse</span> <span class='ocrx_word' id='word_1_257' title='bbox 1072 2531 1208 2571; x_wconf 87' lang='lat' dir='ltr'>induti</span> <span class='ocrx_word' id='word_1_258' title='bbox 1241 2531 1462 2581; x_wconf 83' lang='lat' dir='ltr'>iusticiam,</span> <span class='ocrx_word' id='word_1_259' title='bbox 1509 2531 1602 2569; x_wconf 90' lang='lat' dir='ltr'>ideo</span> 
     </span>
     <span class='ocr_line' id='line_1_34' title="bbox 281 2600 1603 2656; baseline -0.002 -14"><span class='ocrx_word' id='word_1_260' title='bbox 281 2605 536 2644; x_wconf 83' lang='lat' dir='ltr'>declinantes</span> <span class='ocrx_word' id='word_1_261' title='bbox 568 2604 619 2643; x_wconf 87' lang='lat' dir='ltr'>ad</span> <span class='ocrx_word' id='word_1_262' title='bbox 648 2603 901 2643; x_wconf 86' lang='lat' dir='ltr'>iniusticiam</span> <span class='ocrx_word' id='word_1_263' title='bbox 937 2602 1102 2656; x_wconf 84' lang='lat' dir='ltr'>gravius</span> <span class='ocrx_word' id='word_1_264' title='bbox 1131 2600 1324 2641; x_wconf 84' lang='lat' dir='ltr'>inficiunt</span> <span class='ocrx_word' id='word_1_265' title='bbox 1356 2615 1398 2641; x_wconf 87' lang='lat' dir='ltr'>se</span> <span class='ocrx_word' id='word_1_266' title='bbox 1427 2610 1467 2640; x_wconf 92' lang='lat' dir='ltr'>et</span> <span class='ocrx_word' id='word_1_267' title='bbox 1489 2614 1603 2649; x_wconf 82' lang='lat' dir='ltr'>suos,</span> 
     </span>
    </p>
   </div>
   <div class='ocr_carea' id='block_1_3' title="bbox 282 2748 1604 2920">
    <p class='ocr_par' dir='ltr' id='par_1_4' title="bbox 282 2748 1604 2920">
     <span class='ocr_line' id='line_1_35' title="bbox 336 2748 1604 2788; baseline -0.006 -7"><span class='ocrx_word' id='word_1_268' title='bbox 336 2761 376 2780; x_wconf 90' lang='lat'>10.</span> <span class='ocrx_word' id='word_1_269' title='bbox 398 2755 425 2781; x_wconf 87' lang='lat' dir='ltr'><strong>A</strong></span> <span class='ocrx_word' id='word_1_270' title='bbox 440 2754 469 2781; x_wconf 89' lang='lat' dir='ltr'>in</span> <span class='ocrx_word' id='word_1_271' title='bbox 485 2761 600 2788; x_wconf 60' lang='lat' dir='ltr'>marg:</span> <span class='ocrx_word' id='word_1_272' title='bbox 623 2752 806 2779; x_wconf 83' lang='lat' dir='ltr'>Conclusio.</span> <span class='ocrx_word' id='word_1_273' title='bbox 950 2758 989 2778; x_wconf 78' lang='lat'>12.</span> <span class='ocrx_word' id='word_1_274' title='bbox 1012 2750 1130 2779; x_wconf 83' lang='lat' dir='ltr'>Codd.:</span> <span class='ocrx_word' id='word_1_275' title='bbox 1151 2749 1364 2778; x_wconf 87' lang='lat' dir='ltr'>reconsiliato.</span> <span class='ocrx_word' id='word_1_276' title='bbox 1508 2755 1555 2775; x_wconf 81' lang='lat'>20.</span> <span class='ocrx_word' id='word_1_277' title='bbox 1575 2748 1604 2774; x_wconf 93' lang='lat' dir='ltr'><strong>A</strong></span> 
     </span>
     <span class='ocr_line' id='line_1_36' title="bbox 282 2795 1604 2835; baseline -0.005 -8"><span class='ocrx_word' id='word_1_278' title='bbox 282 2801 311 2827; x_wconf 84' lang='lat' dir='ltr'>in</span> <span class='ocrx_word' id='word_1_279' title='bbox 344 2808 456 2835; x_wconf 50' lang='lat' dir='ltr'>marga</span> <span class='ocrx_word' id='word_1_280' title='bbox 493 2799 650 2827; x_wconf 84' lang='lat' dir='ltr'>Iniusticie</span> <span class='ocrx_word' id='word_1_281' title='bbox 682 2799 784 2834; x_wconf 71' lang='lat' dir='ltr'>quoad</span> <span class='ocrx_word' id='word_1_282' title='bbox 817 2797 916 2825; x_wconf 82' lang='lat' dir='ltr'>Deum</span> <span class='ocrx_word' id='word_1_283' title='bbox 961 2803 988 2825; x_wconf 83' lang='lat' dir='ltr'>et</span> <span class='ocrx_word' id='word_1_284' title='bbox 1032 2797 1143 2825; x_wconf 83' lang='lat' dir='ltr'>iniurie</span> <span class='ocrx_word' id='word_1_285' title='bbox 1179 2796 1280 2832; x_wconf 85' lang='lat' dir='ltr'>quoad</span> <span class='ocrx_word' id='word_1_286' title='bbox 1312 2795 1491 2831; x_wconf 73' lang='lat' dir='ltr'>proximum</span> <span class='ocrx_word' id='word_1_287' title='bbox 1534 2800 1604 2822; x_wconf 81' lang='lat' dir='ltr'>sunt</span> 
     </span>
     <span class='ocr_line' id='line_1_37' title="bbox 283 2842 1603 2880; baseline -0.005 -6"><span class='ocrx_word' id='word_1_288' title='bbox 283 2855 375 2875; x_wconf 82' lang='lat' dir='ltr'>cause</span> <span class='ocrx_word' id='word_1_289' title='bbox 407 2846 632 2874; x_wconf 82' lang='lat' dir='ltr'>destruccionis</span> <span class='ocrx_word' id='word_1_290' title='bbox 669 2845 755 2880; x_wconf 85' lang='lat' dir='ltr'>regni</span> <span class='ocrx_word' id='word_1_291' title='bbox 801 2846 922 2878; x_wconf 80' lang='lat' dir='ltr'>(Above</span> <span class='ocrx_word' id='word_1_292' title='bbox 962 2844 1029 2879; x_wconf 64' lang='lat'>107³</span> <span class='ocrx_word' id='word_1_293' title='bbox 1061 2844 1190 2871; x_wconf 80' lang='lat' dir='ltr'>without</span> <span class='ocrx_word' id='word_1_294' title='bbox 1226 2843 1312 2870; x_wconf 84' lang='lat' dir='ltr'>mark</span> <span class='ocrx_word' id='word_1_295' title='bbox 1352 2842 1387 2869; x_wconf 85' lang='lat' dir='ltr'>os</span> <span class='ocrx_word' id='word_1_296' title='bbox 1424 2842 1603 2875; x_wconf 73' lang='lat' dir='ltr'>reference).</span> 
     </span>
     <span class='ocr_line' id='line_1_38' title="bbox 284 2892 748 2920; baseline -0.006 0"><span class='ocrx_word' id='word_1_297' title='bbox 284 2892 326 2920; x_wconf 76' lang='lat'>32.</span> <span class='ocrx_word' id='word_1_298' title='bbox 349 2892 466 2920; x_wconf 82' lang='lat' dir='ltr'>Codd.:</span> <span class='ocrx_word' id='word_1_299' title='bbox 488 2892 748 2920; x_wconf 80' lang='lat' dir='ltr'>autonomastice.</span> 
     </span>
    </p>
   </div>
   <div class='ocr_carea' id='block_1_4' title="bbox 1614 504 1891 785">
    <p class='ocr_par' dir='ltr' id='par_1_5' title="bbox 1614 504 1891 785">
     <span class='ocr_line' id='line_1_39' title="bbox 1626 504 1877 539; baseline 0 -8"><span class='ocrx_word' id='word_1_300' title='bbox 1626 504 1653 531; x_wconf 93' lang='lat' dir='ltr'><strong>A</strong></span> <span class='ocrx_word' id='word_1_301' title='bbox 1674 508 1760 539; x_wconf 75' lang='lat' dir='ltr'>great</span> <span class='ocrx_word' id='word_1_302' title='bbox 1781 504 1877 531; x_wconf 79' lang='lat' dir='ltr'>crime</span> 
     </span>
     <span class='ocr_line' id='line_1_40' title="bbox 1614 539 1891 569; baseline 0.011 -4"><span class='ocrx_word' id='word_1_303' title='bbox 1614 547 1678 565; x_wconf 75' lang='lat' dir='ltr'>was</span> <span class='ocrx_word' id='word_1_304' title='bbox 1698 539 1891 569; x_wconf 79' lang='lat' dir='ltr'>committed.</span> 
     </span>
     <span class='ocr_line' id='line_1_41' title="bbox 1661 575 1840 601; baseline 0 0"><span class='ocrx_word' id='word_1_305' title='bbox 1661 575 1714 601; x_wconf 83' lang='lat' dir='ltr'>but</span> <span class='ocrx_word' id='word_1_306' title='bbox 1735 575 1840 601; x_wconf 83' lang='lat' dir='ltr'>others</span> 
     </span>
     <span class='ocr_line' id='line_1_42' title="bbox 1654 610 1854 636; baseline 0.005 -1"><span class='ocrx_word' id='word_1_307' title='bbox 1654 617 1757 636; x_wconf 80' lang='lat' dir='ltr'>worse</span> <span class='ocrx_word' id='word_1_308' title='bbox 1777 610 1854 636; x_wconf 88' lang='lat' dir='ltr'>have</span> 
     </span>
     <span class='ocr_line' id='line_1_43' title="bbox 1655 645 1854 680; baseline 0 -9"><span class='ocrx_word' id='word_1_309' title='bbox 1655 646 1745 671; x_wconf 82' lang='lat' dir='ltr'>taken</span> <span class='ocrx_word' id='word_1_310' title='bbox 1768 645 1854 680; x_wconf 81' lang='lat' dir='ltr'>place</span> 
     </span>
     <span class='ocr_line' id='line_1_44' title="bbox 1630 680 1872 709; baseline 0 -3"><span class='ocrx_word' id='word_1_311' title='bbox 1630 680 1726 709; x_wconf 81' lang='lat' dir='ltr'>there,</span> <span class='ocrx_word' id='word_1_312' title='bbox 1755 680 1814 707; x_wconf 88' lang='lat' dir='ltr'>and</span> <span class='ocrx_word' id='word_1_313' title='bbox 1837 680 1872 706; x_wconf 80' lang='lat' dir='ltr'>all</span> 
     </span>
     <span class='ocr_line' id='line_1_45' title="bbox 1649 716 1854 749; baseline 0 -8"><span class='ocrx_word' id='word_1_314' title='bbox 1649 716 1745 749; x_wconf 65' lang='lat' dir='ltr'>ought</span> <span class='ocrx_word' id='word_1_315' title='bbox 1764 720 1795 742; x_wconf 80' lang='lat' dir='ltr'>to</span> <span class='ocrx_word' id='word_1_316' title='bbox 1817 716 1854 741; x_wconf 84' lang='lat' dir='ltr'>be</span> 
     </span>
     <span class='ocr_line' id='line_1_46' title="bbox 1673 751 1838 785; baseline 0.006 -9"><span class='ocrx_word' id='word_1_317' title='bbox 1673 751 1838 785; x_wconf 77' lang='lat' dir='ltr'>punished.</span> 
     </span>
    </p>
   </div>
  </div>
 </body>
</html>
