2045 3312
124 267 199 306 156
847 277 1070 310 JOHANNIS
1097 277 1296 310 wvcmr.
1541 265 1648 322 [cm.
1659 273 1726 301 v11.

407 383 696 424 communicat
741 397 817 437 pro
862 382 1043 434 mortali,
1089 396 1220 436 quam
1265 383 1579 423 communicare
1618 384 1879 428 nUd0150⁸0

408 454 681 507 corporaliter
713 468 812 494 cum
844 453 1208 493 excommunicato
1241 453 1383 493 solum
1405 454 1454 492 ab
1483 453 1670 493 homine.

115 532 392 604 pffihssefgegsstffss
467 525 618 565 Tercio
650 524 825 565 miratur
857 524 1051 565 secularis
1085 523 1256 564 ecclesia
1288 524 1405 577 quod
1438 524 1570 564 clerus
1603 523 1766 567 instate

173 603 177 607 ,
228 589 244 603 D

127 604 380 666 ggffissiliiiigcaiffl
408 609 504 649 erga
536 595 755 635 brachium
787 596 985 645 seculare,
1019 603 1065 635 ut
1097 607 1246 634 omnes
1279 594 1634 634 excommunicati
1667 594 1731 634 sui

117 681 269 736 ggrsglnfn
283 673 393 735 εξὲιέιᾱ
408 679 482 719 per
513 666 789 719 quadraginta
812 666 912 718 dies,
942 664 1096 706 remass
1112 674 1258 706 nentes
1282 679 1304 704 a
1327 663 1496 718 prelatis
1519 679 1627 718 quos
1650 664 1730 718 ipsi
1750 673 1830 708 150b

219 720 247 736 ὡ
347 717 663 789 ‘’'signaverint
701 749 788 775 non
821 736 962 788 soluti,
1008 736 1305 790 mancipentur
1345 735 1497 776 carceri
1542 735 1730 788 seculari,

407 820 634 860 quousque
686 807 924 846 secundum
972 820 1122 847 eorum
1173 806 1390 847 arbitrium
1442 805 1729 857 satisfecerint,

407 885 791 930 quantumcunque
849 876 1075 930 sophistice
1136 877 1218 917 sint
1268 876 1395 930 ligati.
1459 877 1557 916 Non
1616 875 1730 916 enim

408 955 592 986 meretur
625 960 774 986 eorum
796 947 1053 1000 ingratitudo
1086 947 1166 987 tale
1190 947 1441 998 subsidium,
1466 960 1563 986 cum
1586 946 1730 998 regula

407 1016 506 1056 iuris
555 1016 683 1055 divini
732 1017 962 1057 sentenciat
1013 1018 1130 1071 quod
1173 1018 1458 1071 privilegium
1512 1016 1727 1057 indultum
1749 1037 1788 1058 10

407 1093 577 1127 tenetur
609 1088 806 1127 amittere
840 1089 912 1141 qui
943 1088 1027 1128 sibi
1058 1100 1262 1128 concessa
1285 1088 1480 1128 abutitur
1504 1093 1727 1139 potestate.

407 1158 578 1197 Abusus
612 1171 710 1210 ergo
744 1159 918 1197 tendens
941 1159 993 1198 ad
1016 1158 1336 1198 enervacionem
1365 1158 1480 1211 regni
1505 1167 1544 1197 et
1567 1158 1731 1197 bonum

408 1228 620 1282 privatum
653 1229 768 1268 bono
803 1228 1022 1269 communi
1055 1229 1370 1282 preponderans
1402 1237 1586 1268 meretur
1616 1226 1730 1267 abla-

408 1299 577 1338 cionem
611 1298 814 1352 privilegii
849 1298 906 1339 sic
939 1298 1070 1339 abusi.

466 1369 519 1409 Et
554 1369 707 1409 iterum
729 1369 895 1409 videtur
917 1369 1078 1410 clerum
1110 1378 1197 1409 tam
1243 1368 1388 1409 leviter
1421 1377 1460 1408 et
1506 1367 1777 1408 incircum-P

408 1449 548 1493 specte
583 1440 1026 1481 excommunicantem
1064 1440 1277 1479 involvere
1322 1439 1525 1479 seculares
1570 1439 1612 1477 in
1656 1453 1731 1479 sua

408 1509 854 1550 excommunicacione
878 1524 1065 1562 erronea,
1100 1524 1197 1550 cum
1221 1523 1268 1549 ex
1293 1522 1440 1549 eorum
1463 1510 1617 1550 ducatu
1634 1523 1731 1562 sepe

407 1594 481 1634 per
533 1580 660 1620 talem
710 1581 1203 1622 excommunicacionem
1254 1588 1494 1633 pretensam
1545 1579 1731 1633 puniunt

408 1651 668 1702 innocentes,
728 1660 767 1691 et
818 1665 892 1704 per
941 1664 1218 1704 consequens,
1269 1664 1367 1690 cum
1416 1664 1491 1690 nec
1536 1658 1730 1690 tenentur
1745 1665 1788 1687 20

409 1721 572 1760 credere
596 1722 713 1774 quod
736 1735 884 1761 eorum
907 1722 1093 1775 quelibet
1115 1720 1504 1761 excommunicacio
1528 1720 1579 1760 sit
1607 1720 1729 1771 iusta,

410 1804 484 1831 nec
509 1805 555 1830 ex
588 1790 668 1831 fide
692 1792 892 1846 scripture
915 1793 979 1832 vel
1003 1792 1169 1832 racione
1202 1801 1396 1832 tenentur
1418 1790 1586 1831 obedire
1619 1791 1729 1831 clero

115 1861 449 1939 ogsffelloffigssdtggllyin
478 1861 556 1901 ista
589 1861 917 1903 incarceracione
951 1862 1101 1915 servili,
1133 1862 1296 1902 videtur
1318 1875 1366 1902 ex
1389 1861 1539 1902 timore
1572 1861 1728 1914 peccati

371 1924 378 1931 ⁵
409 1946 639 1972 consensus
673 1934 789 1987 quod
821 1947 908 1973 non
949 1933 1102 1973 debent
1145 1941 1241 1972 ante
1278 1931 1513 1985 legitimam
1575 1931 1728 1971 exami-

409 2003 632 2042 nacionem
655 2016 777 2043 cause
811 2013 850 2044 et
874 2003 1008 2043 forme
1032 2001 1488 2043 excommunicacionis
1510 2001 1728 2055 punicioni
1747 2008 1786 2041 25

406 2073 653 2113 huiusmodi
678 2073 927 2114 consentire.
964 2073 1077 2114 Cum
1099 2072 1213 2113 enim
1235 2072 1345 2112 racio
1381 2072 1585 2125 scripture
1618 2086 1730 2112 sacre

407 2145 458 2184 sit
491 2144 679 2197 optimus
723 2144 868 2198 legum
912 2144 1128 2196 interpreS,
1168 2151 1282 2195 patet
1314 2143 1431 2196 quod
1469 2142 1729 2182 adiutorium

407 2215 667 2269 promissum
698 2229 721 2254 a
754 2213 1011 2267 principibus
1051 2213 1091 2252 in
1133 2213 1209 2253 hac
1241 2221 1356 2266 parte
1396 2212 1518 2252 debet
1556 2212 1729 2265 intelligi

411 2299 508 2326 cum
532 2285 781 2325 condicione
814 2285 930 2338 quod
952 2284 1042 2324 talis
1076 2282 1348 2323 incarceracio
1381 2282 1432 2322 sit
1465 2282 1515 2321 de
1549 2295 1728 2322 numero

407 2369 588 2409 operum
611 2355 840 2395 elemosine
864 2368 939 2409 pro
971 2354 1123 2408 quibus
1156 2353 1378 2407 punientes
1411 2361 1509 2393 sunt
1539 2352 1581 2392 in
1612 2352 1727 2392 finali
1745 2357 1786 2390 30

408 2426 562 2466 iudicio
587 2425 835 2478 premiandi.
860 2425 940 2465 Sed
964 2433 1170 2464 scrutetur
1193 2422 1324 2464 fidelis
1341 2423 1605 2476 evangelium
1619 2423 1725 2463 Mat-

407 2496 490 2537 thei
514 2496 652 2535 XXV0
686 2504 724 2535 et
745 2496 884 2535 videat
906 2495 938 2534 si
962 2494 1237 2535 incarceracio
1261 2493 1728 2534 excommunicatorum

407 2567 559 2606 iniuste
582 2566 623 2605 in
648 2566 791 2619 aliquo
817 2580 996 2619 operum
1020 2565 1303 2605 misericordie
1327 2564 1377 2603 sit
1400 2572 1610 2603 contenta.
1641 2564 1727 2603 Nec

407 2637 649 2691 ignorancia
673 2645 843 2677 excusat
865 2636 1109 2689 simpliciter
1137 2649 1188 2675 ne
1211 2643 1418 2688 peccetur,
1453 2648 1550 2674 cum
1571 2634 1726 2674 Paulus

407 2721 453 2747 ex
477 2706 718 2761 ignorancia
739 2706 921 2746 veritatis
945 2706 1145 2758 scripture
1169 2704 1382 2745 commisit
1406 2704 1725 2758 blasphemiam,
1744 2707 1784 2741 35

461 2841 479 2859 1.
514 2832 556 2859 D:
586 2841 641 2868 pro
662 2832 855 2860 mortalibus.
1000 2830 1025 2858 23.
1061 2832 1100 2858 l):
1134 2831 1294 2868 quomodo
1322 2831 1432 2858 clerus.
1576 2839 1605 2864 ,1.
1639 2832 1666 2858 Α
1695 2831 1724 2858 in

408 2888 522 2914 marga
545 2880 707 2907 Brachium
729 2880 877 2906 seculare.
1023 2887 1048 2913 7.
1072 2879 1113 2905 l):
1142 2878 1368 2906 satisl'eceiwinh
1511 2877 1552 2905 25.
1574 2877 1613 2904 13:
1636 2877 1725 2912 puni-

408 2927 515 2954 cimus.
659 2927 701 2955 35.
722 2927 750 2953 A
772 2926 801 2953 iu
825 2934 941 2960 marga
965 2926 1144 2961 lgnorancia
1167 2934 1227 2952 non
1250 2930 1384 2952 excusat.
