2045 3312
251 298 340 327 CAP.
361 286 446 347 xx]
743 301 804 333 DE
832 301 1069 334 ECCLEslA.

158 418 233 450 L9
314 407 377 446 Ex
414 406 501 446 istis
534 406 694 447 elicitur
739 407 857 460 quod
895 414 1037 446 sancta
1080 414 1213 446 mater
1258 405 1427 446 ecclesia
1471 406 1572 446 dun]

158 477 236 520 195²
254 476 395 516 subtili
428 476 679 530 operacione
711 475 990 529 apprehendit
1023 489 1132 529 opus
1166 489 1293 516 suum
1325 476 1572 529 preteritum

248 547 299 586 ad
315 560 487 586 sensum
501 546 714 600 scripture,
737 545 1014 599 apprehendit
1028 545 1168 598 digitis
1192 545 1277 585 suis
1295 545 1451 598 fusum,
1475 546 1573 599 quia

247 630 337 657 rem
367 617 617 657 anteriorem
650 615 916 669 posteriorat‚
950 623 996 655 ut
1029 615 1237 668 contingit
1269 616 1319 655 de
1356 615 1573 667 nentibus;

216 696 309 731 5est
340 696 482 727 tamen
520 685 759 737 conneccio‚
805 685 904 739 quia
948 685 990 724 in
1035 699 1160 739 opere
1193 685 1389 738 preterito
1423 686 1574 726 debent

248 756 402 796 firmari
425 756 605 808 brachia,
629 756 751 796 debet
766 755 943 795 securari
960 755 1220 795 consciencia
1239 763 1278 796 et
1293 755 1456 796 fundari
1480 770 1574 809 spes

155 828 296 881 195¹³ad
315 827 452 867 futura
470 825 902 880 premiasscapienda:
938 825 1166 880 Quidquid,
1195 825 1345 880 inquit,
1378 827 1575 880 operaris

247 897 534 952 totafirmitas
559 897 692 936 animi
724 897 780 936 sit
808 896 1055 950 adfusum,
1084 897 1184 950 quia
1212 895 1326 949 quod
1346 895 1505 949 pendet
1532 897 1573 936 in

247 968 337 1007 colo
370 967 608 1021 adfusum
644 966 891 1019 trahicitur,
926 980 1013 1006 non
1046 976 1230 1008 econtra.
1265 967 1318 1007 Et
1340 969 1575 1008 secundum

194 1037 371 1081 mistam
403 1037 632 1077 leccionem
664 1050 750 1077 non
775 1036 1014 1077 sollicitaret
1042 1036 1175 1076 fidelis
1206 1051 1282 1077 nec
1305 1038 1502 1091 aspiraret
1523 1039 1574 1077 ad

248 1107 451 1160 grandem
467 1116 621 1147 statum
637 1107 763 1147 seculi
780 1107 821 1146 in
837 1107 1041 1160 futurum,
1058 1108 1129 1147 sed
1144 1107 1345 1148 instanter
1359 1108 1576 1149 trahiceret

251 1191 360 1230 opus
383 1177 648 1217 meritorium
680 1177 722 1216 in
751 1177 1008 1231 preteritum,
1043 1177 1259 1218 confidens
1292 1179 1408 1232 quod
1441 1187 1487 1218 ut
1519 1178 1575 1218 sic

249 1246 324 1287 erit
356 1247 557 1288 humilior
589 1249 640 1288 ad
674 1248 876 1289 futurum.
922 1249 975 1289 Et
1006 1248 1129 1288 istam
1161 1248 1489 1289 sollicitudinem
1523 1249 1573 1288 ad

250 1317 393 1357 colum
415 1318 609 1371 prohibet
639 1332 819 1372 sponsus
843 1318 1014 1359 Matthei
1036 1319 1112 1360 V10
1138 1319 1336 1372 capitulo.
1365 1320 1574 1359 ,lactemus

196 1400 347 1441 15ergo
388 1389 635 1429 thesaurum
688 1389 823 1430 meriti
868 1389 909 1428 in
955 1390 1207 1429 memoriam
1255 1390 1399 1444 sponsi
1444 1388 1574 1429 nostri

249 1458 320 1511 qui
354 1460 542 1512 pendens
582 1459 624 1498 in
665 1473 784 1500 cruce
823 1460 959 1500 noluit
1008 1460 1261 1500 memoriam
1293 1460 1499 1513 passionis
1532 1460 1573 1499 in

249 1529 494 1581 preteritum
528 1529 768 1569 intranslate
801 1530 1050 1584 relinquere,
1096 1530 1289 1584 quamvis
1321 1530 1439 1570 Judei
1474 1530 1575 1569 false

253 1598 450 1639 dixerint:
487 1599 531 1638 Si
563 1613 643 1640 rex
676 1600 819 1640 Israel
851 1608 924 1649 est,
958 1600 1187 1641 descendat
1220 1614 1333 1640 nunc
1365 1600 1415 1641 de
1448 1613 1576 1640 cruce

249 1675 289 1709 et
321 1669 536 1709 credimus
569 1671 607 1710 ei
638 1671 811 1711 Matthei
845 1671 1036 1723 XXVHo,
1068 1684 1136 1723 40.

194 1761 234 1781 ρο
308 1740 360 1779 Et
406 1739 502 1779 hinc
553 1740 768 1780 conclusio
826 1741 1015 1795 sequitur
1065 1741 1341 1794 pertinenter:
1394 1742 1575 1780 Manum

254 1822 378 1848 suam
412 1810 583 1861 aperuit
617 1811 733 1862 inopi
759 1818 797 1850 et
820 1812 996 1863 palmas
1024 1825 1128 1851 suas
1161 1810 1350 1851 extendit
1380 1810 1437 1850 ad
1461 1824 1575 1863 pau-

243 1892 404 1931 perem.
442 1879 551 1918 Nam
586 1879 725 1919 dicens
754 1880 1033 1920 beneficencie
1065 1891 1103 1920 et
1140 1880 1456 1920 communionis
1490 1893 1575 1919 non

250 1948 438 1988 oblivisci
460 1962 507 1987 ex
536 1950 834 2002 proposicione
862 1951 1041 2004 septima
1071 1960 1110 1991 et
1133 1951 1265 1990 sciens
1292 1951 1408 2004 quod
1437 1950 1576 1990 solum

250 2017 369 2057 firma
414 2032 506 2071 spes
552 2020 700 2072 premii
742 2030 802 2060 est
846 2022 896 2060 de
941 2021 1121 2074 perfecta
1160 2021 1411 2074 operacione
1454 2021 1576 2073 plene

196 2088 446 2140 25preterita
496 2102 543 2127 ex
588 2090 886 2143 proposicione
933 2091 1125 2144 proxima
1173 2092 1243 2131 dat
1287 2105 1461 2144 operam
1502 2103 1578 2143 pro

252 2158 437 2197 ulteriori
482 2158 708 2199 elemosina
757 2159 955 2200 facienda.
1005 2161 1208 2215 Sperans,
1253 2161 1391 2215 inquit
1430 2163 1577 2214 Augu-

254 2227 400 2277 stinus,
435 2228 475 2266 in
509 2228 677 2268 domino
715 2230 797 2269 sihi
829 2230 948 2270 dicit:
990 2231 1060 2270 Da
1099 2232 1281 2281 domine,
1329 2231 1428 2284 quia
1468 2230 1578 2279 dedi,

253 2297 426 2349 dimitte,
461 2298 560 2351 quia
594 2298 746 2347 dimisi,
767 2299 852 2353 fac
885 2314 1049 2341 mecum
1084 2301 1438 2352 misericordiam,
1479 2301 1578 2353 quia

239 2366 346 2420 feci.
392 2368 502 2406 Nam
552 2368 694 2408 Jacobi
740 2370 810 2421 Ila,
864 2383 908 2409 12
955 2370 1167 2411 scribitur:
1224 2370 1436 2411 Iudicium
1488 2371 1581 2409 sine

199 2448 239 2479 30
256 2437 545 2477 misericordia
575 2439 638 2477 illi
665 2440 737 2492 qui
772 2453 853 2479 non
871 2440 985 2493 fecit
1007 2440 1358 2480 misericordiam.
1383 2439 1580 2488 Habens,

254 2507 403 2560 inquit,
430 2508 610 2560 plenum
646 2510 851 2550 sacellum
886 2517 1106 2563 apotecam
1137 2511 1203 2550 vel
1230 2523 1405 2551 orreum
1441 2509 1579 2549 nendo

254 2577 489 2617 salubriter
531 2593 557 2618 a
601 2580 694 2619 colo
739 2579 979 2633 transferat
1025 2580 1083 2620 ad
1118 2581 1295 2634 fusum.
1349 2581 1403 2619 Et
1442 2579 1579 2619 multo

254 2646 386 2700 magis
438 2650 702 2700 operandum
762 2658 823 2689 est
881 2649 1082 2690 instanter
1133 2664 1241 2703 opus
1296 2648 1580 2689 misericordie

255 2716 467 2768 spirituale
491 2727 529 2757 et
552 2728 703 2758 notum
724 2732 771 2757 ex
794 2728 907 2759 textu
930 2721 1151 2774 quomodo
1175 2719 1347 2760 ecclesia
1370 2719 1577 2772 egenciori

311 2908 330 2927 1.
353 2902 399 2927 A:
421 2900 522 2928 Litera
544 2901 567 2927 L
587 2902 683 2928 deest.
831 2901 860 2929 {S
901 2901 943 2928 B:
972 2903 1126 2930 dixerunt.
1275 2911 1319 2930 ρο.
1341 2904 1367 2930 Α
1401 2902 1430 2929 in
1464 2909 1562 2934 marg.

257 2945 435 2973 Conclusio.
581 2946 627 2980 34.
649 2948 687 2975 B:
716 2948 805 2975 Nola.

1396 2998 1460 3030 31*

1644 1747 1744 1775 Verse
1766 1755 1812 1775 20.

1610 1783 1674 1811 Her
1694 1783 1854 1811 readiness

1615 1824 1646 1846 to
1669 1819 1736 1853 help
1758 1819 1849 1845 those

1651 1854 1681 1881 in
1704 1854 1793 1881 need.
