2045 3312
252 245 341 274 CAP.
354 235 409 294 v]
763 251 823 283 DE
852 252 1087 285 ECCLEsrA.
1811 249 1862 300 05

205 365 236 398 G
309 357 534 409 Regnum
566 368 681 408 ergo
719 355 1047 409 imperatoris
1093 366 1165 397 est
1228 358 1577 412 independens

160 429 235 467 ¹41⁰
250 440 274 465 a
296 424 575 477 regiminess
597 440 724 479 pape
758 435 803 466 et
825 436 1043 469 econtra.
1078 429 1318 482 Utrumque
1340 439 1478 470 tamen
1504 446 1578 484 per
1593 428 1874 500 Γῖιζξςξῐξὲζῗξηᾟῗ

250 496 440 536 accidens
481 495 597 536 iuvat
636 496 862 551 reliquum,
904 498 1000 538 licet
1041 498 1306 552 prepositura
1349 500 1577 553 spiritualis
1646 500 1821 571 e¹¹gssg'efhe

251 567 303 607 sit
334 566 511 619 dignior.
544 566 749 620 Regimen
785 576 929 608 autem
966 567 1122 608 Christi
1156 569 1326 623 respicit
1364 571 1579 611 essenciali

219 648 234 680 5
254 636 499 677 causacione
518 636 704 690 regimen
720 637 939 692 utriusque
954 638 1017 678 sui
1039 637 1192 680 vicarii.
1226 640 1349 680 Unde
1366 654 1416 680 ne
1438 641 1579 681 vicarii

251 706 406 747 Christi
427 706 680 748 inducantur
704 707 747 747 in
762 708 1081 761 blasphemiam,
1105 710 1350 763 usurpando
1384 725 1431 750 ex
1445 711 1580 751 verbis

249 777 406 816 floridis
440 776 650 818 honorem
684 778 773 818 Deo
806 779 1043 832 proprium,
1092 793 1260 819 necesse
1293 790 1354 820 est
1387 782 1580 821 doctores

249 860 389 887 cavere
421 848 472 887 ab
505 848 825 888 adulacionibus
849 857 888 888 et
910 848 1039 889 instar
1059 850 1166 889 beati
1202 850 1392 903 Gregorii
1425 851 1576 891 vinum

248 925 288 957 et
302 918 446 958 oleum
459 918 673 959 alternare.
707 920 818 959 Nam
839 920 1077 960 secundum
1100 919 1499 961 Commentatorem
1534 923 1576 962 in

197 988 430 1042 10prologo
476 989 590 1029 tercii
643 989 909 1030 Phisicorum
955 989 1063 1030 sicut
1111 990 1288 1044 quidam
1332 1000 1581 1031 assuescunt

249 1060 305 1099 sic
337 1074 550 1101 venenum
582 1061 802 1101 comedere
834 1062 951 1115 quod
987 1070 1128 1101 totum
1159 1062 1364 1102 cibarium
1395 1071 1580 1102 vertatur

250 1130 291 1169 in
325 1131 609 1171 substanciam
642 1142 920 1172 venenosam:
956 1132 1013 1172 sic
1046 1132 1221 1186 quidam
1244 1132 1301 1172 sic
1333 1141 1581 1173 assuescunt

251 1201 525 1253 opinionibus
559 1201 670 1241 falsis
705 1204 822 1257 quod
849 1202 1121 1243 instruccioni
1144 1203 1327 1243 veritatis
1349 1203 1580 1243 redduntur

253 1270 469 1312 inhabiles.
517 1271 908 1326 Correspondenter
952 1273 1089 1313 evenit
1139 1274 1190 1313 de
1233 1274 1468 1314 honoribus
1515 1274 1580 1328 (ut

198 1354 233 1386 15
251 1351 365 1394 patet
387 1341 558 1382 inferius
579 1357 668 1396 cap.
687 1374 694 1381 .
714 1341 742 1398 .)
768 1344 889 1384 Unde
922 1343 1048 1383 hodie
1071 1357 1156 1383 non
1180 1344 1289 1384 valet
1310 1358 1460 1384 vocare
1484 1358 1576 1397 pre-
1596 1355 1728 1382 Prelates
1739 1355 1872 1383 demand

251 1411 438 1464 positum
471 1413 548 1452 nisi
581 1414 992 1465 reverendissimum,
1025 1414 1340 1454 sanctissimum
1363 1424 1402 1454 et
1435 1390 1699 1454 beatis—undue
1720 1391 1872 1418 honours.

254 1482 426 1534 simum,
459 1483 558 1536 quia
590 1483 632 1523 in
665 1484 856 1538 quolibet
890 1484 1075 1524 inferiori
1110 1485 1240 1538 gradu
1265 1494 1326 1525 est
1358 1484 1484 1536 dulia,
1509 1486 1580 1524 sed

250 1552 292 1591 in
338 1554 593 1607 superlativo
639 1555 770 1609 gradu
816 1564 877 1595 est
928 1554 1045 1594 latria
1078 1568 1161 1608 qua
1206 1568 1294 1594 non
1339 1564 1400 1595 est
1442 1554 1581 1594 honor

251 1623 432 1676 amplior
454 1626 749 1677 expectandus.
775 1625 1169 1679 Correspondenter
1183 1626 1235 1664 ad
1257 1625 1335 1665 ista
1358 1639 1443 1665 non
1460 1625 1578 1678 quie-

194 1714 235 1736 20
251 1702 362 1733 tatur
405 1695 643 1748 prepositus
684 1695 823 1736 vocari
871 1704 996 1749 caput
1035 1696 1207 1735 ecclesie
1238 1695 1473 1747 militantis,
1507 1695 1579 1734 sed

252 1763 377 1817 exigit
427 1765 566 1805 vocari
620 1775 746 1819 caput
797 1765 1045 1806 universalis
1094 1766 1265 1806 ecclesie
1318 1776 1358 1806 et
1408 1766 1578 1805 ecclesie

251 1834 388 1873 tocius
404 1835 620 1876 catholice.
643 1836 882 1889 Utrobique
900 1845 1042 1876 tamen
1065 1845 1247 1889 possunt
1270 1836 1457 1890 predicta
1480 1850 1578 1875 sane

253 1903 432 1957 concipi,
465 1914 511 1945 ut
543 1906 661 1959 quod
692 1906 806 1946 Deus
840 1906 891 1946 sit
923 1906 965 1946 in
999 1907 1069 1946 tali
1102 1907 1320 1960 preposito
1354 1915 1577 1960 tamquam

253 1973 293 2012 in
327 1974 509 2027 imagine
532 1976 772 2015 adorandus
794 1976 859 2015 vel
875 1977 1062 2016 secundo
1085 1977 1203 2030 quod
1218 1977 1324 2016 inter
1346 1976 1578 2029 signandos

193 2055 232 2087 25
251 2044 487 2097 prepositos
521 2044 588 2084 ille
621 2045 672 2086 sit
693 2046 1079 2099 reverendissimus,
1104 2046 1390 2087 sanctissimus
1414 2056 1453 2086 et
1468 2055 1574 2086 tem—

250 2128 352 2167 pore
376 2129 452 2155 suo
476 2114 755 2168 beatissimus,
779 2117 883 2156 dum
905 2125 1047 2157 tamen
1065 2130 1224 2157 nomen
1248 2126 1286 2157 et
1310 2116 1577 2157 meritorium

250 2184 533 2225 ministerium
586 2187 936 2241 correspondent3
970 2188 1086 2241 quod
1130 2188 1254 2227 debet
1305 2186 1491 2240 supponi
1536 2186 1577 2225 in

250 2255 467 2309 preposito
500 2256 748 2310 reputative‚
782 2271 869 2297 non
892 2256 1113 2298 diffinitive
1135 2257 1273 2310 asseri,
1298 2258 1402 2297 dum
1435 2266 1576 2298 tamen

250 2339 325 2366 nec
359 2327 502 2368 ocium
535 2341 611 2368 nec
644 2328 923 2369 commissum
956 2328 1121 2369 notorie
1155 2328 1458 2369 contradicant.

305 2469 329 2491 2.
349 2463 389 2491 B:
411 2468 513 2492 tamen
535 2464 622 2492 deest
791 2473 821 2499 4.
843 2464 883 2492 B:
904 2463 1044 2500 Regnum
1066 2469 1180 2493 autem.
1324 2473 1350 2501 7.
1371 2465 1400 2493 A
1422 2465 1452 2493 in
1474 2474 1575 2501 marg:

249 2509 363 2538 Contra
386 2512 561 2539 adulatores
581 2511 619 2539 ad
643 2519 767 2548 papam.
868 2520 912 2540 10.
933 2513 961 2540 A
982 2512 1013 2539 in
1034 2520 1147 2547 marg:
1170 2510 1417 2540 Commentator.
1438 2511 1476 2538 13:
1498 2511 1577 2539 Nan]

247 2573 281 2576 —
300 2563 484 2586 assuescunt
505 2559 600 2587 deest.
701 2560 741 2587 15.
763 2559 855 2586 Num.
881 2559 1006 2595 capituli
1027 2559 1123 2587 deest.
1217 2558 1257 2587 18.
1281 2559 1303 2585 B
1325 2559 1354 2586 in
1376 2567 1474 2595 marg.
1494 2567 1577 2586 man.

248 2612 326 2632 rec.³
342 2604 611 2633 Reverendissime
626 2606 826 2634 sanctissime
841 2614 911 2634 cum
937 2611 1075 2640 vocatur,
1106 2606 1309 2643 ydolatratur,
1433 2607 1475 2634 23.
1497 2609 1525 2634 A
1548 2606 1577 2633 in

249 2659 364 2687 marg:
386 2651 504 2680 Sensus
525 2652 650 2688 duplex.
734 2653 774 2681 25.
796 2654 826 2680 A
846 2653 876 2681 in
898 2660 1012 2688 marg.:
1034 2652 1115 2680 Nota
1137 2652 1174 2680 de
1197 2653 1294 2680 titulis
1316 2661 1395 2689 pape
1416 2653 1577 2688 quomodo

252 2697 370 2726 debent
390 2699 530 2735 intelligi.

312 2851 363 2873 10.
397 2842 663 2875 commentator
701 2842 729 2874 is
755 2841 814 2874 the
853 2841 1041 2876 scholastic
1067 2854 1170 2875 name
1197 2843 1237 2875 of
1260 2842 1459 2875 Averrhoes
1499 2841 1575 2887 (lbn

251 2898 420 2942 Roschd).
