2045 3312
223 237 312 266 CAP-
328 225 398 284 VL]
728 239 788 270 DE
814 238 1051 270 ECCLESIA.
1754 235 1824 274 141

71 355 209 399 X148³
224 345 423 386 dominus
457 345 666 395 omnium,
699 344 756 383 sic
788 342 1094 396 predestinatus
1132 341 1175 380 in
1219 342 1388 380 mortali
1434 349 1543 381 caret

224 416 429 468 dominio,
462 417 565 456 dum
597 424 738 455 tamen
772 414 853 454 alio
896 422 1088 466 tempore
1125 412 1250 452 habet
1289 411 1543 463 dominium,

225 501 319 527 curn
355 487 468 526 Deus
501 484 736 526 eternaliter
769 484 858 524 vult
890 484 1009 537 quod
1041 482 1146 522 illud
1176 482 1328 522 habeat
1367 495 1443 534 pro
1467 495 1544 521 suo

224 566 429 611 tempore.

174 638 210 672 Y
284 627 337 667 Et
376 627 409 666 si
439 634 650 681 queratur,
684 638 812 680 quare
850 633 1059 678 repugnat
1103 622 1345 663 dominium
1377 622 1419 661 in
1453 635 1546 675 pre-
1571 638 1598 666 A
1621 638 1829 678 pred—estimare

225 698 434 738 destinato
480 705 680 751 peccante
713 695 959 747 mortaliter,
993 694 1144 735 dicitur
1189 694 1307 747 quod
1351 692 1441 746 ipse
1488 701 1549 732 est
1582 682 1821 742 sffisnmsslffmffi

225 777 325 808 tunc
358 781 502 821 expers
536 767 696 808 iusticie
720 776 760 808 et
791 766 1083 819 cuiuscunque
1105 764 1268 804 virtutis
1301 762 1485 813 moralis,
1511 772 1549 802 et
1562 744 1832 818 *eniolriifffssiiniiig'

224 853 298 892 per
325 852 600 893 consequenS,
635 851 779 891 expers
813 836 989 877 dominii
1022 836 1139 890 quod
1172 844 1341 888 oportet
1385 832 1549 873 fundari
1664 822 1748 842 nme.

224 909 267 948 in
299 909 464 950 iusticia
501 908 665 949 morali.
705 908 845 948 Habet
884 916 1024 947 tamen
1064 905 1274 945 iusticiam
1311 904 1549 944 naturalem

173 1000 210 1022 10
226 980 278 1019 ad
310 980 500 1020 membra
533 989 572 1020 et
605 992 732 1019 omne
766 978 882 1032 quod
916 977 1052 1031 placet
1074 976 1164 1016 Deo
1190 985 1236 1016 ut
1257 975 1420 1025 habeat,
1444 974 1549 1013 sicut

227 1059 265 1091 et
302 1050 428 1091 habet
466 1050 682 1104 prescitus,
730 1058 769 1089 et
813 1061 938 1102 supra
969 1047 1051 1087 hoc
1089 1047 1216 1087 habet
1246 1045 1456 1086 iusticiam
1506 1044 1549 1083 in

226 1121 587 1175 predestinacione
620 1120 840 1161 fundatam
880 1132 1011 1172 quam
1048 1118 1101 1157 ad
1138 1126 1309 1170 tempus
1355 1116 1550 1155 obscurat

227 1192 407 1245 piaculo.
441 1192 565 1232 Unde
598 1205 684 1230 non
723 1190 860 1229 audeo
899 1188 1034 1228 dicere
1054 1188 1172 1242 quod
1194 1186 1334 1227 omnis
1372 1199 1550 1239 peccans

227 1262 458 1302 mortaliter
489 1276 577 1302 non
611 1262 662 1301 sit
677 1271 777 1302 tunc
792 1261 1033 1300 membrum
1057 1258 1242 1309 ecclesie,
1258 1257 1364 1297 sicut
1386 1257 1551 1296 videtur

177 1343 211 1375 15
228 1334 443 1373 decretum
467 1333 601 1372 dicere
625 1333 686 1372 De
710 1331 1058 1381 Consecracione,
1088 1330 1126 1368 d.
1152 1329 1181 1379 I,
1215 1328 1428 1379 Ecclesia,
1452 1326 1551 1380 quia

228 1413 328 1444 tunc
378 1413 484 1444 esset
528 1411 642 1443 tanta
685 1403 751 1442 vel
794 1402 930 1442 maior
976 1400 1228 1453 ambiguitas
1273 1399 1323 1438 de
1369 1397 1550 1451 prelatis,

228 1484 372 1515 utrum
404 1475 485 1514 sint
516 1473 707 1513 membra
739 1472 923 1524 ecclesie,
948 1471 1055 1512 sicut
1088 1480 1149 1511 est
1172 1471 1220 1509 de
1245 1468 1316 1521 eis,
1349 1468 1550 1521 ponendo

229 1545 367 1584 solum
402 1544 706 1598 predestinatos
740 1557 829 1583 esse
851 1543 1041 1582 membra
1065 1540 1250 1592 ecclesie,
1283 1540 1383 1593 quia
1415 1539 1550 1592 suspi-

232 1615 400 1656 cionem
430 1616 696 1669 probabilem
726 1614 934 1654 habemus
970 1614 1020 1652 de
1054 1611 1236 1663 mortali,
1271 1611 1441 1665 qualem
1466 1623 1552 1649 non

171 1704 212 1726 20
228 1687 432 1727 habemus
464 1687 582 1741 quod
614 1685 815 1740 prepositi
849 1694 947 1725 sunt
978 1683 1159 1737 presciti,
1197 1691 1236 1722 et
1268 1681 1420 1735 periret
1452 1681 1552 1720 obe-

229 1758 390 1798 diencia
413 1758 591 1811 prelatis,
617 1771 715 1797 cum
738 1770 825 1797 non
842 1755 897 1795 sic
914 1755 1115 1794 debemus
1129 1753 1340 1792 honorare
1362 1751 1555 1790 membra

229 1829 384 1869 diaboli
416 1842 492 1868 nec
526 1829 623 1868 dare
656 1828 713 1868 eis
760 1825 1051 1875 elemosinam,
1093 1837 1192 1864 cum
1235 1822 1390 1862 scimus
1436 1821 1553 1874 quod

230 1899 370 1953 egenis
402 1899 602 1939 membris
636 1897 791 1938 Christi
825 1906 885 1936 est
925 1895 1086 1947 debita,
1132 1893 1188 1934 sic
1235 1893 1349 1932 enim
1392 1900 1555 1931 vacaret

230 1970 485 2011 beneficium
516 1968 736 2010 intrusoris
781 1966 935 2007 cotidie
966 1975 1054 2005 tam
1102 1965 1152 2003 de
1198 1963 1287 2003 iure
1331 1976 1462 2016 quam
1504 1961 1555 2000 de

175 2044 214 2077 25
231 2040 354 2094 facto,
388 2050 427 2081 et
459 2041 516 2081 sic
550 2048 695 2080 contra
734 2036 977 2078 testimonia
1014 2044 1258 2074 sanctorum
1295 2032 1421 2072 nimis
1461 2045 1554 2085 per-

231 2112 468 2152 turbaretur
513 2109 697 2151 ecclesia.
742 2108 837 2149 Alia
881 2116 1024 2147 autem
1068 2113 1167 2145 sunt
1211 2103 1338 2144 dubia
1383 2114 1554 2143 concer-

234 2183 381 2223 nencia
413 2181 632 2222 ecclesiam
665 2194 748 2234 que
787 2186 931 2232 patent
969 2175 1080 2227 alibi,
1121 2184 1168 2215 ut
1201 2174 1318 2229 quod
1363 2173 1554 2214 Christus

234 2253 413 2293 existens
445 2251 692 2292 humanitus
725 2249 820 2289 fons
852 2248 974 2287 vivus
997 2247 1149 2301 plenus
1171 2245 1306 2299 gracie
1330 2254 1391 2285 est
1421 2257 1554 2298 quan-

234 2323 429 2363 tumlibet
474 2321 626 2363 melior
688 2319 902 2360 moraliter
958 2331 1087 2372 quam
1147 2325 1288 2356 toturn
1339 2314 1557 2355 residuum

177 2396 219 2429 30
236 2407 388 2447 corpus
422 2391 607 2444 ecclesie,
633 2405 731 2432 cum
753 2389 890 2444 gracia
918 2387 1088 2428 unionis
1112 2386 1163 2426 sit
1185 2386 1355 2427 alterius
1378 2384 1558 2425 racionis

235 2477 365 2518 quam
397 2462 532 2517 gracia
564 2461 743 2516 posteris
777 2460 971 2500 derivata.

287 2622 312 2651 5.
341 2624 371 2652 Α
390 2624 420 2652 in
440 2631 550 2659 marg:
581 2621 673 2651 Nota.
843 2619 880 2649 15.
902 2621 930 2648 A
953 2620 984 2648 in
1017 2626 1133 2654 marg:
1166 2617 1277 2646 Utrum
1299 2616 1402 2645 omnis
1423 2623 1558 2652 peccans

237 2670 407 2699 mortaliter
427 2678 488 2698 non
510 2670 548 2697 sit
567 2674 641 2698 tunc
679 2669 856 2697 membrum
895 2665 1036 2694 ecclesie.
1058 2666 1079 2692 B
1108 2665 1139 2692 in
1179 2672 1294 2699 marg:
1321 2663 1498 2699 Episcopus
1528 2662 1559 2689 in

237 2717 358 2745 mortali
379 2726 441 2746 non
462 2723 507 2746 est
528 2722 663 2753 protunc
683 2717 862 2744 membrum
884 2713 1027 2742 ecclesie.
1119 2712 1162 2740 18.
1184 2713 1267 2746 19.A
1289 2711 1382 2738 habet
1402 2717 1560 2737 rasuram:

239 2765 326 2801 suspi
348 2787 354 2792 .
377 2787 383 2794 .
405 2787 411 2793 .
434 2766 538 2794 bilem.
646 2764 691 2792 30.
714 2763 753 2790 B:
777 2770 865 2791 eumz
888 2760 983 2789 deest.

305 2883 354 2916 13.
383 2886 464 2918 Dec.
492 2884 546 2918 III.
573 2896 606 2928 p.
634 2885 710 2917 dist.
739 2884 763 2926 1,
790 2893 818 2915 c.
846 2882 933 2915 VIII.
