2045 3312
257 235 346 263 CAP.
369 223 408 282 1.]
768 237 827 268 DE
855 236 1093 268 ECCLEsiA.
1846 222 1865 260 3

101 353 135 386 Β
157 352 235 387 128¹>
248 342 444 384 Proverb.
468 341 639 392 XXXI0,
681 355 742 392 io,
776 350 815 380 et
847 354 1007 393 corpus
1030 340 1192 380 Christi
1215 337 1240 365 ⁵³³
1262 339 1491 391 misticum,
1526 340 1576 379 de

250 426 336 467 quo
360 412 395 451 Ia
418 411 515 453 Cor.
545 416 626 451 120.
662 411 743 450 Ista
775 420 835 451 est
856 411 1099 462 Jerusalem,
1123 418 1256 450 mater
1279 418 1435 462 nostra,
1468 418 1575 449 tem-

247 483 369 537 plum
401 480 579 533 domini,
613 494 793 534 regnum
825 481 1015 521 celorum
1047 490 1086 521 et
1120 480 1262 520 civitas
1290 480 1396 533 regis
1419 480 1575 533 magni,

247 566 327 606 que
359 558 444 591 tota
473 551 611 605 inquit
626 551 891 605 Augustinus
914 550 1189 591 Enchiridion
1213 550 1381 601 XLVIO,
1415 551 1573 603 accipi-

215 622 355 668 5enda
394 629 457 662 est
496 634 580 661 non
621 622 759 662 solnm
808 635 863 662 ex
902 629 1030 674 parte
1066 635 1150 674 qna
1177 621 1501 674 peregrinatur
1533 621 1575 660 in

246 700 368 733 terra
400 706 425 732 a
458 692 564 732 solis
595 698 693 732 ortu
723 705 856 745 usqne
878 692 935 732 ad
957 705 1173 745 occasum,
1210 691 1398 731 laudans
1421 704 1575 731 nomen

247 763 424 815 domini,
457 771 496 804 et
519 769 622 816 post
653 763 943 816 captivitatem
981 762 1203 803 vetustatis
1232 770 1415 802 cantans
1440 762 1577 801 canti-

249 846 346 873 cum
380 846 552 884 novum,
587 846 736 874 verum
761 834 896 873 eciam
927 846 982 872 ex
1003 833 1079 872 illa
1103 846 1183 885 que
1207 834 1251 872 in
1276 833 1379 872 celis
1403 844 1578 884 semper

247 917 302 944 ex
333 917 415 957 quo
448 904 621 944 condita
654 911 715 945 est
746 905 905 944 cohesit
936 904 1026 950 deo,
1061 917 1139 943 nec
1163 903 1299 942 ullum
1325 902 1487 942 malum
1512 902 1579 941 sni

194 996 232 1018 10
246 987 374 1014 casus
406 981 469 1015 est
500 981 695 1027 experta.
729 974 828 1015 Hec
860 974 970 1014 enim
1008 975 1050 1014 in
1075 975 1237 1014 sanctis
1260 973 1432 1027 angelis
1455 972 1577 1012 beata

239 1046 437 1097 persistit
458 1052 497 1085 et
518 1058 597 1085 sue
612 1046 736 1098 parti
754 1046 1076 1099 peregrinanti,
1100 1045 1212 1084 Sicut
1233 1050 1414 1096 oportet,
1439 1044 1578 1095 opitu-

246 1115 378 1164 latur,
414 1117 512 1168 quia
558 1122 742 1169 utraque
776 1129 863 1155 nna
897 1117 980 1156 erit
1012 1116 1237 1155 consorcio
1271 1114 1509 1155 eternitatis
1542 1119 1581 1152 et

248 1199 362 1225 nunc
394 1192 457 1226 est
489 1199 576 1225 una
611 1187 783 1227 vinculo
818 1187 1029 1226 caritatis.

304 1257 394 1295 Hec
434 1265 494 1296 est
533 1265 676 1297 sancta
715 1256 886 1296 ecclesia
919 1256 1124 1296 catholica
1157 1269 1288 1309 quam
1320 1255 1576 1295 confitentur
1591 1249 1671 1277 How
1697 1248 1771 1276 fatti,
1792 1256 1868 1276 0⁰¹¹·

1631 1285 1760 1319 cerning
1783 1285 1834 1311 the

194 1336 229 1369 15
247 1326 459 1366 christiani
500 1326 743 1367 immediate
782 1336 880 1380 post
911 1326 1040 1366 fidem
1077 1327 1120 1365 in
1153 1326 1348 1380 spiritum
1381 1319 1868 1390 5311611111]ξξῑῐζξξξὲζῃξξῧοζζ

205 1405 419 1450 apropter
461 1397 557 1437 tria:
604 1397 742 1450 primo
783 1397 883 1451 quia
921 1397 1157 1437 secundum
1190 1396 1482 1450 Augustinum
1518 1405 1577 1436 est
1591 1389 1870 1460 ξ’ῑζῗιᾈξὲῗγεξᾞζζῗξ

246 1480 413 1506 summa
447 1476 645 1509 creatura.
695 1468 793 1507 Ideo
838 1467 1082 1508 immediate
1127 1467 1301 1520 ponitur
1333 1477 1429 1521 post
1460 1467 1575 1507 trini-

206 1545 374 1581 btatem
418 1536 657 1577 increatam.
705 1538 900 1577 Secundo
934 1537 1034 1591 quia
1067 1551 1211 1577 amore
1245 1537 1413 1590 spiritus
1447 1537 1577 1577 sancti

210 1606 414 1652 0Christo
453 1607 495 1647 in
534 1607 807 1648 matrimonio
840 1617 1046 1661 perpetuo
1081 1608 1316 1661 copulatur.
1363 1609 1416 1648 Et
1448 1607 1577 1648 tercio

188 1700 229 1721 20
245 1677 344 1731 quia
366 1677 502 1731 posita
533 1678 715 1718 trinitate
748 1687 916 1732 oportet
939 1678 1075 1731 ipsam
1098 1678 1249 1718 habere
1278 1679 1490 1731 templum
1511 1678 1577 1717 vel

245 1748 425 1788 domum
457 1762 587 1802 quam
624 1748 839 1790 inhabitet.
889 1748 1071 1802 Oportet
1111 1748 1204 1788 dico
1245 1764 1292 1789 ex
1332 1747 1577 1788 necessitate

249 1818 560 1872 supposicionis
592 1828 719 1873 atque
751 1820 801 1858 de
834 1833 1037 1872 congruo,

201 1889 230 1921 C
306 1889 387 1927 Ista
418 1897 562 1928 autem
594 1889 765 1929 ecclesia
795 1889 1031 1928 secundum
1054 1898 1216 1942 partem
1238 1888 1576 1942 peregrinantem
1589 1880 1868 1917 Note.ThisH01y

1617 1916 1741 1944 Cliurcli
1761 1925 1838 1944 con-

249 1972 336 1997 non
369 1958 495 1998 habet
532 1958 718 2013 aliquem
756 1959 986 2012 prescitum
1024 1968 1188 2012 partem
1225 1958 1304 2010 sui,
1349 1958 1455 1998 sicut
1488 1952 1867 2022 nOsstssissSl-ssssssgbfflf'

304 2092 322 2111 1.
344 2084 366 2111 Β
387 2085 417 2112 in
443 2092 540 2120 marg.
562 2084 651 2112 prov.
673 2085 719 2117 31;
742 2090 768 2113 1³
783 2083 855 2112 Cor.
991 2094 1021 2119 4.
1043 2084 1065 2111 Β
1091 2084 1121 2111 in
1150 2092 1245 2117 marg.
1268 2084 1348 2119 Aug.
1370 2092 1401 2119 41
1424 2083 1519 2111 Ench.
1542 2084 1575 2111 In

245 2131 336 2159 codd.
358 2131 435 2159 XLI.
459 2131 600 2160 Correxi.
683 2132 708 2160 5.
729 2132 825 2166 AA,:
847 2139 923 2167 que3
945 2131 985 2158 B:
1008 2131 1195 2167 peregrinat.
1313 2139 1354 2158 10.
1376 2131 1397 2158 B
1419 2131 1449 2158 in
1471 2138 1575 2165 marg:

245 2178 327 2205 Nota
353 2179 435 2214 quod
457 2178 557 2214 angeli
577 2183 648 2206 sunt
668 2186 740 2214 pars
761 2178 902 2206 ecclesie.
1005 2187 1045 2212 14.
1067 2180 1111 2205 A:
1134 2178 1274 2214 Qualiter
1295 2178 1370 2205 tides
1386 2178 1422 2205 de
1444 2177 1576 2205 ecclesia

246 2225 386 2260 sequitur
404 2225 583 2252 immediate
604 2230 673 2260 post
689 2225 781 2252 sidem
798 2226 835 2252 de
856 2225 967 2261 spiritu
982 2230 1100 2252 sancto.
1122 2225 1162 2252 B:
1184 2224 1266 2252 Nota
1286 2232 1381 2260 quare
1396 2223 1575 2251 immediate

247 2275 316 2305 post
337 2272 428 2299 tidem
454 2271 485 2301 in
506 2272 648 2307 spiritum
665 2277 807 2299 sanctum
829 2272 977 2307 p(onitur)
1006 2272 1081 2299 fides
1104 2272 1141 2299 de
1167 2276 1273 2299 sancta
1295 2276 1391 2299 matre
1412 2270 1573 2298 catholica.

247 2325 293 2352 24.
308 2317 388 2352 ΑΑ1
402 2318 432 2345 in
454 2326 558 2353 marg:
580 2317 670 2345 Nota.
691 2319 720 2345 A
740 2318 769 2345 in
788 2326 891 2353 marg:
915 2318 980 2346 Hec
993 2323 1098 2346 sancta
1114 2318 1246 2346 ecclesia
1261 2326 1323 2345 non
1344 2318 1436 2345 habet
1457 2317 1573 2353 presci-

247 2370 311 2392 tum
332 2371 451 2400 partem
473 2364 533 2391 sui.
556 2363 713 2391 Continue
741 2363 821 2392 infra
843 2365 955 2399 (above
981 2365 1032 2392 the
1058 2365 1116 2392 col.
1140 2363 1221 2399 128⁶).
1253 2364 1274 2390 Β
1302 2363 1331 2391 in
1359 2371 1462 2398 marg:
1494 2363 1576 2391 Dicit

248 2411 412 2439 ecclesiam
434 2411 622 2439 catholicam
644 2412 817 2439 secundum
840 2417 959 2447 partem
980 2411 1222 2447 triumphantem
1244 2419 1305 2438 non
1321 2411 1433 2438 habere
1455 2416 1573 2446 partem

249 2459 306 2494 sui,
328 2458 401 2486 dum
423 2465 469 2486 est
488 2457 676 2490 huiusmodi,
707 2458 842 2494 aliquem
866 2458 1015 2486 miserum
1037 2459 1083 2486 vel
1109 2457 1347 2493 quomodolibet
1373 2457 1572 2484 maculatum.

248 2504 291 2531 Ex
321 2504 381 2532 isto
407 2504 529 2532 videtur
559 2505 603 2539 (ut
634 2504 782 2540 sequitur)
815 2505 897 2540 quod
927 2505 980 2540 qui
1008 2513 1069 2532 non
1091 2510 1136 2532 est
1163 2504 1267 2539 miser,
1296 2503 1450 2539 posterius
1482 2511 1570 2530 suam

248 2551 405 2578 miseriam
428 2551 597 2587 dimittens,
613 2551 745 2579 efficitur
759 2560 831 2587 pars
849 2552 979 2579 ecclesie
993 2551 1223 2587 triumphantis.
1237 2551 1298 2578 Pro
1313 2550 1372 2578 isto
1387 2552 1431 2584 (ut
1446 2556 1573 2586 apparet

248 2596 334 2631 mihi)
350 2605 407 2632 pro
428 2597 606 2625 intencione
629 2597 764 2625 doctoris
786 2603 830 2626 est
850 2598 1022 2626 notandum
1045 2598 1128 2634 quod
1150 2598 1326 2634 multitud0‚
1348 2598 1481 2625 viatores
1503 2606 1571 2633 pre-

249 2643 402 2678 destinati,
431 2644 565 2672 miseriis
595 2645 646 2679 (et)
678 2644 806 2672 maculis
834 2645 975 2681 involuti,
1008 2645 1162 2680 posterius
1193 2649 1281 2672 erunt
1312 2649 1414 2679 partes
1444 2644 1573 2671 ecclesie

248 2690 476 2727 triumphantis,
503 2699 573 2718 cum
594 2691 661 2718 illas
683 2692 821 2719 maculas
842 2698 869 2719 et
891 2692 1031 2719 miserias
1060 2691 1261 2718 excusserint.
1292 2690 1354 2718 Sed
1375 2695 1478 2718 tamen
1501 2691 1573 2717 dum

250 2742 321 2764 sunt
349 2736 528 2765 huiusmodi
555 2737 690 2765 miseriis
718 2738 860 2774 involuti⁷
888 2747 950 2765 non
979 2743 1146 2766 censentur
1173 2743 1274 2773 partes
1306 2738 1434 2765 ecclesie
1463 2737 1573 2764 trium-

251 2781 384 2815 phantis.
415 2783 453 2811 Et
472 2783 542 2811 ideo
564 2789 707 2812 notanter
729 2785 851 2821 dicitur,
873 2784 941 2812 dnm
962 2789 1008 2812 es!
1026 2784 1207 2813 huiusmodi.

309 2890 342 2919 4.
359 2879 446 2922 Aug.
461 2879 601 2913 Euchir.
618 2891 690 2923 cap.
705 2881 826 2912 XLVI.
854 2882 971 2923 Opera
991 2880 1059 2921 (ed.
1077 2880 1199 2921 Maur.)
1218 2887 1301 2911 tom.
1320 2880 1376 2919 VI,
1403 2889 1482 2921 pag⁴
1500 2889 1574 2920 217.

1445 2936 1483 2968 1⁵11<
