2045 3312
130 276 206 314 308
850 283 1075 316 JOHANNIS
1101 283 1297 316 wvcriir.
1527 271 1630 326 [C-w.
1652 279 1734 308 X1v.

474 389 668 430 Christus
702 390 816 430 enim
849 398 908 429 est
941 389 1036 442 plus
1063 388 1275 442 obligatus
1299 397 1485 428 creature
1509 402 1582 428 sue
1605 402 1735 442 quam
1757 398 1832 442 172b
1857 399 1889 432 F

417 470 600 511 econtra,
646 474 745 500 cum
792 474 840 500 ex
884 461 975 513 lege
1019 473 1093 499 sua
1154 469 1294 499 eterna
1341 468 1380 498 et
1426 459 1550 499 titulo
1601 459 1735 512 gracie

415 531 695 584 prevenientis
739 530 959 570 constituit
998 544 1042 569 se
1082 529 1319 569 debitorem
1351 529 1436 569 suis
1470 530 1595 569 servis
1634 528 1732 569 fide-

416 602 538 654 libus,
572 615 659 641 non
693 611 739 641 ut
772 601 911 640 solum
945 601 1059 640 daret
1092 600 1149 640 eis
1182 600 1345 640 bonum
1367 599 1543 653 aliquod
1570 608 1735 652 tempo-

415 673 511 724 rale,
535 673 606 712 sed
630 681 675 712 ut
693 673 807 711 daret
823 671 880 711 eis
903 685 944 711 se
968 670 1165 724 ipsumin
1182 670 1394 723 premium
1409 670 1737 723 sempiternum3
1755 680 1771 712 5

416 752 585 783 tantum
636 751 780 782 autem
832 755 919 781 non
973 750 1113 795 potest
1162 749 1350 780 creatura
1395 742 1515 780 beata
1561 740 1738 780 domino

416 813 605 866 obligari,
651 822 692 852 et
735 812 793 852 sic
838 821 1003 852 tenetur
1047 812 1240 851 sacerdos
1285 812 1515 865 rependere
1563 811 1738 851 subditis

415 883 650 936 spirituales
684 883 950 923 elemosinas
974 883 1073 922 Ideo
1099 880 1163 938 (ut
1196 882 1278 921 dixi
1311 882 1508 936 proximo
1533 879 1736 935 capitulol

415 952 610 993 deficiens
627 968 651 993 a
667 952 957 993 satisfaccione
980 952 1089 992 illius
1108 952 1234 992 debiti
1260 952 1424 1005 gravius
1444 952 1737 992 excommuni-

416 1033 532 1064 catur
565 1038 587 1063 a
622 1024 814 1075 domino,
847 1033 887 1063 et
918 1036 992 1076 per
1025 1036 1289 1077 consequens
1322 1023 1601 1076 periculosius
1630 1023 1796 1064 caditm

415 1095 457 1134 in
489 1094 671 1134 heresim
704 1095 743 1134 in
779 1103 945 1134 tantum
978 1093 1108 1147 quod,
1148 1094 1178 1132 si
1214 1094 1327 1133 Deus
1360 1107 1433 1146 per
1475 1092 1737 1146 impossibile

415 1164 609 1205 deficeret
660 1179 684 1204 a
735 1165 877 1204 debito
931 1165 981 1203 ad
1035 1165 1152 1217 quod
1197 1178 1238 1203 se
1285 1164 1499 1217 obligavit,
1552 1163 1737 1217 graciose

417 1234 708 1288 promittendo
731 1244 770 1275 et
787 1234 986 1275 meritum
1002 1234 1277 1288 proficiendo,
1301 1234 1388 1287 ipse
1413 1233 1521 1273 foret
1543 1247 1738 1274 summus

415 1306 631 1345 hereticus.
669 1307 756 1345 Nec
790 1305 973 1345 feramus
1007 1305 1185 1359 graviter
1207 1306 1325 1359 quod
1356 1314 1738 1358 quantumcunque

415 1376 575 1416 nobiles
614 1377 758 1429 quoad
791 1376 1004 1415 mundum
1037 1376 1089 1416 ad
1122 1384 1289 1415 tantum
1328 1389 1370 1415 se
1403 1374 1630 1414 humilient
1661 1388 1737 1427 pro
1759 1382 1794 1414 15

415 1446 584 1486 Christo
623 1447 741 1500 quod
782 1447 1008 1486 deveniant
1040 1445 1321 1486 elemosinarii
1356 1459 1592 1498 pauperum
1637 1445 1737 1484 sub-

415 1517 616 1568 ditorum,
663 1526 757 1557 tum
801 1517 901 1571 quia
945 1516 1137 1557 Christus
1170 1516 1460 1555 nobilissimus
1493 1515 1649 1568 recepit
1687 1516 1737 1554 ad

416 1588 479 1626 sui
514 1587 731 1641 egenciam
758 1588 1028 1627 relevandam
1052 1596 1137 1627 tam
1164 1601 1185 1625 a
1208 1586 1305 1626 viris
1329 1586 1585 1626 secularibus
1609 1599 1738 1639 quam

415 1673 438 1697 a
471 1658 634 1698 devotis
679 1657 846 1697 feminis
891 1657 1145 1697 elemosinas
1195 1656 1446 1709 corporaleS,
1480 1664 1573 1695 tum
1607 1655 1739 1695 eciam

416 1729 514 1782 quia
559 1743 607 1768 ex
651 1728 722 1767 tali
767 1727 1070 1767 humiliacione
1104 1735 1144 1766 et
1176 1726 1397 1766 ministerii
1444 1726 1737 1779 complecione
1755 1745 1797 1767 20

416 1799 561 1839 crescit
594 1798 795 1852 prepositi
829 1798 1043 1839 maioritas
1076 1797 1218 1851 quoad
1250 1798 1402 1837 Deum.

123 1880 348 1920 Theresliouia
363 1881 400 1908 be
474 1869 540 1909 Sic
573 1883 671 1923 ergo
705 1883 790 1908 non
824 1877 884 1908 est
916 1868 1059 1922 quoad
1090 1867 1170 1907 hoc
1204 1866 1422 1906 distinccio
1451 1867 1557 1906 inter
1580 1865 1790 1918 fratres,G

132 1916 388 1979 ‹ssosffgssiiiiciiss‘ci
417 1939 522 1979 inter
574 1939 912 1992 possessionatos
964 1947 1004 1978 et
1056 1938 1161 1977 inter
1213 1946 1393 1989 curatos,
1446 1937 1634 1977 viventes
1687 1937 1737 1976 de

125 1986 349 2060 '‘egiiigrbieliifi}
363 1987 589 2050 alldecimis
623 2019 663 2049 et
695 2009 1003 2059 oblacionibus,
1037 2007 1138 2061 quin
1173 2021 1322 2046 omnes
1366 2007 1569 2046 debemus
1601 2007 1738 2046 vivere

126 2057 739 2133 Shosshdiiiiisinlyexproprietarie
772 2080 822 2119 de
855 2078 1098 2118 elemosinis
1130 2077 1337 2117 laicorum
1370 2086 1410 2117 et
1432 2091 1579 2117 omnes
1615 2077 1737 2116 debe-
1756 2085 1795 2117 25

415 2165 510 2190 mus
543 2165 631 2190 esse
664 2160 972 2203 procuratores,
1007 2161 1093 2187 non
1133 2147 1273 2187 civiles
1305 2161 1567 2200 possessores
1601 2147 1736 2187 bono-

415 2235 511 2260 rum
544 2234 794 2274 pauperum,
834 2220 947 2259 iuxta
987 2226 1235 2271 preceptum
1270 2217 1427 2258 Christi
1459 2216 1633 2257 Matthei
1666 2217 1737 2267 XO,

416 2305 491 2330 nec
524 2300 664 2343 potest
708 2289 999 2330 conventualis
1045 2288 1314 2329 conversacio
1346 2289 1411 2327 vel
1445 2288 1627 2327 solitaria
1666 2295 1738 2326 aut

415 2361 597 2414 prelacia
641 2361 777 2400 maior
822 2360 887 2399 vel
932 2359 1071 2399 minor
1116 2360 1262 2398 tollere
1296 2359 1376 2398 hoc
1410 2357 1618 2408 debitum⁷
1666 2357 1738 2396 sed

415 2445 565 2471 omnes
618 2440 812 2471 tenemur
866 2444 954 2470 esse
1006 2429 1148 2468 fideles
1194 2429 1503 2482 dispensatores
1554 2426 1734 2466 thesauri
1754 2436 1796 2468 '30

417 2501 642 2554 spiritualis
675 2502 740 2540 vel
774 2500 1004 2554 corporalis
1037 2499 1199 2539 domini
1234 2500 1469 2539 secundum
1494 2511 1737 2537 mensuram

416 2571 664 2610 donacionis
699 2570 876 2620 Christi;
930 2570 984 2608 illi
1020 2579 1163 2610 autem
1197 2578 1295 2609 sunt
1326 2569 1560 2621 superiores
1595 2567 1737 2620 quoad

416 2643 553 2681 Deum
577 2641 646 2695 qui
674 2641 801 2680 instar
823 2641 1117 2693 apostolorum
1143 2640 1238 2693 plus
1262 2641 1497 2678 deserentes
1525 2638 1737 2677 mundum

416 2712 624 2752 seminant
668 2711 876 2751 efficacius
910 2711 1086 2750 verbum
1119 2710 1207 2750 Dei.
1254 2710 1377 2749 Unde
1410 2708 1512 2748 ritus
1546 2706 1737 2747 moderni

475 2845 494 2864 ῐ.
518 2838 544 2864 Α
566 2837 595 2865 in
617 2845 731 2873 marg.:
753 2836 936 2864 Conclusio.
1081 2844 1124 2864 22.
1147 2836 1173 2863 A
1196 2836 1223 2862 in
1248 2843 1363 2870 marg:
1387 2834 1571 2862 Conclusio.

475 2924 505 2953 8.
536 2923 622 2954 Vide
649 2933 752 2964 supra
781 2932 857 2964 pag.
889 2920 952 2964 20¹⁴)
980 2928 1011 2952 et
1039 2931 1111 2963 seq.
