2045 3312
162 240 242 291 544

883 250 1107 283 JOHANNJS
1132 250 1329 283 WYCLIF.
1547 237 1652 296 [CAP.
1678 248 1772 279 xxn.

158 365 203 390 As
225 369 255 391 ιο
284 363 363 397 grief
387 363 435 391 sor
451 355 603 394 dicitur
627 355 738 394 enim
763 356 877 408 quod
903 356 1009 394 alius
1041 365 1100 394 est
1124 369 1244 395 amor
1268 356 1331 394 vel
1356 355 1528 395 affeccio
1554 357 1772 407 naturalis,
1791 366 1872 401 202d
1893 368 1922 401 S

193 399 241 426 tlie
262 399 340 425 dead
363 407 407 425 we

157 425 568 478 nnistais1inguis11quali
603 424 801 465 Christus
838 426 971 466 voluit
1006 427 1144 465 vivere
1179 435 1218 465 et
1254 439 1337 465 non
1374 426 1496 477 mori,
1532 440 1627 465 cum
1664 428 1770 466 Mat-

159 469 296 496 between
314 470 432 496 natural

182 504 407 531 a1l·ect101iand
449 496 535 535 thei
568 496 729 535 XXVIO
764 496 884 535 dicit:
929 496 1254 549 Verumptamen
1288 509 1372 535 non
1405 496 1515 535 sicut
1546 509 1627 550 ego
1664 497 1771 547 volo,

214 539 380 566 deliberate

213 573 385 609 judgment.

181 1634 306 1663 Natural
329 1635 409 1670 grief

205 1670 318 1697 should
343 1671 379 1697 be

180 1706 354 1733 coutrolled
377 1705 415 1742 by

237 1749 360 1769 reason.

447 565 525 604 sed
567 565 676 605 sicut
719 572 763 605 tu
809 566 883 605 vis.
934 567 985 605 Et
1035 567 1105 606 tali
1151 565 1377 605 affeccione
1413 566 1593 605 naturali
1635 567 1772 606 doluit

449 646 584 675 mater
637 637 725 675 eius
772 650 848 690 pro
893 645 1030 675 morte
1078 635 1151 676 filii
1202 636 1420 676 naturalis.
1467 636 1553 675 Nec
1600 636 1805 680 evidens5

450 706 567 759 quod
615 706 654 745 in
704 706 784 745 hoc
831 706 1033 758 peccavit,
1084 706 1193 745 sicut
1233 719 1309 745 nec
1345 705 1556 757 Christus,
1599 707 1772 760 quando

447 790 524 829 pro
558 776 720 816 Lazaro
755 776 952 829 ploravit.
1001 776 1093 816 Alia
1128 785 1272 816 autem
1306 786 1368 816 est
1407 775 1578 816 affeccio
1619 777 1772 816 delibe-

448 847 579 885 rativa
628 859 713 899 qua
760 860 845 886 non
893 855 954 887 est
994 847 1228 886 dolendum
1269 847 1340 887 sed
1398 847 1675 899 gaudendum
1721 847 1772 886 de

448 917 658 956 mortibus
719 917 1078 970 propinquorum.
1148 917 1216 956 Sic
1272 917 1384 956 enim
1439 915 1652 968 Christus,
1713 917 1772 956 sic

448 988 606 1027 Paulus
658 997 697 1027 et
752 988 877 1027 ceteri
925 988 1117 1027 martires
1168 988 1415 1040 gaudebant
1468 987 1519 1026 de
1573 1001 1680 1041 pena
1733 997 1830 1029 etio

447 1066 583 1097 morte
638 1058 822 1112 propria,
869 1067 909 1097 et
960 1058 1017 1098 sic
1071 1067 1242 1111 oportet
1295 1070 1468 1097 omnem
1521 1057 1771 1097 salvandum

447 1129 645 1180 gaudere.
701 1128 801 1168 Ideo
856 1126 1145 1168 necessarium
1201 1137 1263 1168 est
1316 1127 1557 1168 christianis
1611 1128 1772 1167 discere

448 1199 671 1252 quomodo
705 1199 862 1238 debent
895 1199 1027 1251 mori;
1052 1198 1228 1252 quando
1263 1211 1364 1251 ergo
1398 1198 1493 1251 quis
1528 1198 1621 1250 plus
1658 1198 1772 1237 dolet

446 1278 622 1322 propter
667 1269 942 1308 amissionem
985 1269 1085 1308 boni
1127 1269 1242 1308 utilis
1276 1269 1341 1308 vel
1375 1268 1474 1308 boni
1509 1268 1772 1307 delectabilis

447 1339 692 1392 temporalis
716 1339 756 1378 in
776 1348 913 1379 morte
939 1339 1122 1392 proximi
1145 1352 1274 1393 quam
1300 1348 1476 1392 propter
1498 1337 1773 1378 amissionem
1793 1349 1829 1380 15

449 1411 547 1449 boni
593 1409 706 1450 utilis
742 1410 882 1449 anime
916 1409 1107 1449 defuncti
1143 1419 1181 1450 et
1216 1409 1412 1450 utilitatis
1449 1409 1636 1461 ecclesie,
1671 1418 1771 1449 tunc

448 1490 594 1533 peccat
627 1481 802 1519 indubie
834 1481 928 1533 plus
962 1481 1027 1519 vel
1061 1481 1218 1532 minus,
1252 1480 1362 1520 sicut
1396 1480 1463 1520 ille
1497 1489 1644 1533 peccat
1678 1493 1770 1533 gra·

447 1552 539 1590 vius
574 1551 647 1604 qui
680 1560 855 1604 propter
889 1551 1162 1591 amissionem
1198 1550 1356 1590 amoris
1389 1563 1518 1603 quem
1553 1550 1680 1590 habet
1720 1550 1771 1589 ad

448 1621 639 1660 seculum
700 1622 815 1661 dolet
870 1621 920 1660 de
970 1629 1106 1660 morte
1151 1621 1337 1674 propria.
1386 1621 1440 1660 Et
1492 1629 1609 1673 patet
1653 1620 1770 1673 quod

449 1692 654 1731 debemus
718 1692 955 1731 secundum
1021 1692 1236 1730 racionem
1301 1704 1502 1744 superare
1561 1690 1770 1743 impetum
1788 1709 1829 1731 20

448 1763 587 1802 anime
633 1762 886 1811 naturalem,
934 1761 1043 1801 sicut
1097 1770 1159 1801 est
1211 1761 1314 1800 mihi
1366 1761 1594 1800 verisimile
1655 1760 1770 1813 quod

449 1842 581 1872 mater
622 1833 784 1872 domini
826 1832 1036 1884 mitigavit
1080 1845 1127 1871 ex
1162 1832 1345 1883 integro,
1381 1840 1421 1871 et
1455 1830 1652 1871 Christus
1688 1843 1772 1870 non

449 1902 605 1943 directe
647 1903 832 1957 ploravit
874 1917 950 1956 pro
985 1911 1122 1943 morte
1159 1902 1307 1941 Lazari
1341 1915 1470 1955 quem
1505 1901 1773 1940 necessitavit

451 1973 500 2012 ad
555 1974 732 2026 gloriam
795 1987 915 2012 suam
967 1973 1089 2021 mori,
1145 1972 1216 2012 sed
1271 1971 1405 2011 doluit
1460 1984 1537 2024 pro
1598 1979 1773 2024 peccato

457 2043 632 2082 humani
667 2044 845 2095 generis,
881 2056 956 2093 pro
989 2056 1076 2096 quo
1117 2042 1310 2095 oportuit
1357 2042 1454 2082 talia
1495 2050 1535 2081 et
1575 2050 1637 2081 tot
1672 2041 1831 2094 pati.25

461 2114 583 2154 Unde
617 2128 664 2153 ex
698 2114 876 2153 concilio
909 2113 1122 2152 Toletano
1159 2112 1244 2160 Qui
1271 2111 1412 2151 divina
1452 2112 1510 2152 sic
1555 2111 1773 2151 scribitur:

448 2184 643 2224 Prohibet
677 2198 752 2224 nos
785 2190 959 2223 sanctus
992 2183 1224 2235 Apostolus
1259 2182 1425 2222 dicens:
1456 2182 1524 2222 De
1558 2181 1771 2221 dormien-

447 2256 559 2294 tibus
605 2255 702 2293 nolo
748 2268 820 2294 vos
868 2253 1118 2293 contristari
1161 2253 1269 2292 sicut
1303 2259 1341 2292 et
1373 2253 1502 2292 ceteri
1539 2252 1613 2305 qui
1651 2265 1768 2304 spem

450 2338 532 2365 non
567 2326 731 2364 liabent.
766 2324 821 2363 Et
843 2324 1038 2364 dominus
1071 2322 1164 2363 Jolz.
1193 2323 1280 2361 XI0
1305 2336 1388 2362 non
1408 2323 1533 2374 flevit
1558 2322 1770 2376 Lazarum

450 2402 681 2445 mortuum,
729 2395 805 2434 sed
842 2396 900 2434 ad
938 2395 1063 2434 liuius
1099 2394 1178 2433 vite
1215 2406 1452 2447 erumpnas
1484 2393 1679 2445 ploravit
1707 2399 1830 2431 re-30

448 2465 758 2505 suscitandum.
796 2464 839 2504 Si
870 2471 1011 2504 autem
1039 2470 1179 2517 potest
1211 2464 1288 2503 hoc
1320 2464 1543 2516 episcopus
1576 2462 1772 2503 omnibus

449 2536 695 2576 christianis
722 2535 966 2588 prohibere,
1001 2548 1084 2574 non
1122 2542 1327 2574 moretur.

503 2694 522 2712 ῑ.
545 2686 588 2713 A:
611 2685 694 2721 quod
718 2685 839 2722 aliquis.
964 2692 997 2712 ιι.
1018 2685 1063 2712 A:
1085 2689 1113 2712 et
1134 2685 1225 2712 sicut.
1345 2690 1387 2710 22.
1410 2683 1437 2710 A
1459 2682 1480 2710 1³
1501 2683 1532 2710 ιἰι
1554 2689 1670 2716 marg.:
1692 2681 1772 2708 Nota

450 2732 487 2758 de
509 2732 580 2759 fletu
603 2732 732 2761 Christi.
882 2731 923 2759 23.
946 2738 993 2765 24.
1015 2731 1059 2759 A:
1082 2730 1241 2758 nunciavit
1262 2730 1299 2758 ad
1321 2730 1463 2765 gloriam.
1621 2726 1659 2755 3¹.
1683 2735 1773 2762 agere

452 2787 511 2806 nou
536 2784 675 2807 moretur
696 2780 726 2806 in
749 2779 865 2807 decret.

511 2898 563 2930 20.
592 2900 705 2931 Causa
730 2900 816 2940 XIII,
843 2909 875 2941 q.
904 2899 942 2939 11,
969 2908 1042 2939 cap.
1070 2897 1220 2930 XXVIII.
