2045 3312
281 245 371 274 CAP.
393 232 478 290 vn]
819 244 877 275 DE
905 243 1141 276 ECCLESIA.
1802 230 1870 268 151

112 354 377 412 H149⁶fugia
411 352 508 393 dicti
539 351 634 392 loci.
685 351 781 400 Que
819 363 951 404 queso
989 348 1125 388 maior
1163 348 1457 388 inobediencia
1501 348 1585 401 regi
1619 355 1724 384 There
1745 363 1801 383 can
1824 356 1859 403 be

264 434 408 465 nostro
441 436 570 477 quam
601 421 713 461 nolle
750 419 913 460 tractari
952 419 1188 460 secundum
1219 419 1330 471 leges
1369 431 1476 469 suas,
1516 396 1791 466 sedssgeciireirictgr
1805 390 1877 453 5¹13}

264 495 455 550 proprias
491 493 602 546 leges
644 504 885 545 proponere
922 490 1158 530 secundum
1196 503 1299 543 quas
1332 497 1371 528 et
1403 502 1490 527 non
1523 502 1585 528 se·
1601 461 1880 524 Ossgsg‘fssflssff‘t'he

266 566 454 606 cundum
476 563 574 603 alias
596 561 727 601 velint
748 560 926 613 tractari,
959 568 999 600 et
1025 559 1121 612 illis,
1154 572 1241 599 non
1263 559 1380 613 regni
1411 558 1588 610 legibus,
1707 532 1775 559 law.

232 631 458 682 5obedire?
510 634 669 673 Revera
700 630 757 670 sic
788 631 930 670 hostes
963 629 1240 670 crudelissimi
1279 629 1588 683 depopulantes

263 720 443 760 regnum
475 703 670 744 offerrent
712 701 933 754 regnicolis
966 701 1083 755 quod
1121 700 1153 739 si
1185 699 1315 739 velint
1355 699 1590 739 consentire

262 777 424 830 legibus
456 788 560 829 quas
582 773 642 814 illi
663 772 813 812 volunt
835 780 1014 811 statuere
1038 770 1369 822 concordabunt,
1403 771 1474 809 sed
1503 783 1591 809 non

264 847 412 887 exinde
433 845 663 899 gauderent
694 841 921 896 privilegiis
953 841 1069 894 regni
1092 840 1236 880 nostri.
1269 840 1428 880 Mirum
1450 840 1590 895 itaque

264 918 371 958 foret
403 916 520 970 quod
551 927 621 953 rex
655 922 694 953 et
724 925 904 966 regnum
927 912 1028 951 tales
1060 910 1204 950 hostes
1233 910 1340 950 intra
1373 924 1415 949 se
1448 910 1589 950 defen-

210 1009 250 1031 10
265 990 422 1029 derent.
456 986 573 1026 Idem
605 983 718 1024 enim
742 982 848 1023 foret
870 981 1154 1022 contradicere
1185 980 1347 1034 legibus
1379 981 1486 1034 regis
1519 996 1592 1035 per

267 1073 371 1113 quas
392 1065 552 1111 regeret
574 1067 753 1108 regnum
775 1067 903 1093 suum
926 1060 965 1092 et
988 1051 1271 1091 contradicere
1294 1051 1459 1104 regalie,
1493 1066 1590 1092 cum

266 1143 333 1169 rex
366 1141 453 1167 non
486 1126 592 1166 foret
623 1138 694 1164 rex
725 1123 803 1163 nisi
835 1130 1007 1176 propter
1035 1120 1392 1174 preeminenciam
1425 1131 1464 1162 et
1496 1122 1589 1162 offi-

265 1200 378 1239 cium
408 1197 512 1251 legis
545 1209 630 1236 sue.

232 1283 251 1315 1
323 1270 421 1309 Ideo
455 1268 554 1308 dicit
586 1267 731 1306 beatus
758 1263 985 1318 Gregorius
1015 1264 1131 1317 quod
1164 1263 1237 1316 qui
1269 1262 1412 1316 diligit
1440 1276 1589 1317 regem

214 1351 249 1385 15
266 1340 408 1394 diligit
430 1340 521 1379 eius
551 1339 687 1391 legem
713 1344 753 1375 et
776 1333 1054 1374 demonstrari
1077 1342 1218 1386 potest
1251 1347 1299 1372 ex
1331 1333 1403 1372 illo
1435 1333 1589 1372 Johan-

266 1410 328 1449 nis
358 1409 489 1460 X1V0,
525 1408 590 1448 23.
646 1406 816 1458 Siquis
853 1404 999 1457 diligit
1037 1416 1116 1452 me,
1162 1416 1402 1443 sermonem
1450 1416 1589 1443 meum

265 1479 480 1528 servabit;
533 1478 646 1517 idem
692 1475 805 1515 enim
849 1483 910 1514 est
948 1474 1087 1513 Deum
1132 1472 1302 1526 diligere
1347 1481 1386 1512 et
1431 1487 1591 1513 sermo-

267 1564 366 1590 nem
387 1550 452 1589 vel
483 1549 620 1599 legem
644 1546 731 1586 eius
756 1558 928 1592 servare,
963 1552 1003 1584 et
1025 1543 1082 1583 sic
1114 1543 1287 1583 indubie
1310 1552 1372 1583 est
1401 1544 1450 1583 de
1483 1558 1590 1598 rege.

268 1621 391 1662 Unde
433 1617 724 1659 inobediencia
767 1615 930 1668 legibus
969 1624 1030 1654 est
1068 1614 1182 1654 radix
1215 1614 1348 1654 tocius
1389 1614 1592 1667 nequicie,

212 1715 253 1737 20
268 1691 429 1731 Exhinc
481 1689 595 1729 enim
645 1686 884 1728 ceciderunt
935 1685 1072 1739 angeli
1127 1686 1177 1724 de
1229 1685 1332 1736 celo,
1394 1685 1593 1738 expulsus

270 1763 346 1803 fuit
385 1761 524 1801 Adam
562 1759 612 1798 de
654 1756 846 1812 paradiso
892 1765 931 1796 et
977 1755 1154 1795 breviter
1200 1755 1289 1794 sine
1328 1755 1593 1795 contumacia

270 1847 351 1887 que
395 1841 455 1871 est
499 1827 791 1869 inobediencia
834 1840 922 1866 non
966 1834 1074 1865 recte
1119 1826 1397 1865 denunciatur
1439 1826 1593 1865 heresis

269 1903 334 1943 vel
367 1898 778 1950 excommunicaci03
811 1910 886 1936 nec
918 1905 978 1935 est
1000 1895 1198 1948 possibile
1220 1909 1399 1949 regnum
1422 1896 1593 1935 dissolvi

271 1973 348 2012 nisi
393 1986 442 2010 ex
484 1968 775 2010 inobediencia
818 1967 898 2019 legi
946 1979 1031 2005 sue.
1086 1965 1128 2006 Si
1166 1966 1280 2005 enim
1323 1967 1458 2006 maior
1498 1980 1594 2019 pars
1610 1979 1788 2007 Therealm
1812 1987 1885 2006 can-

215 2055 254 2088 25
271 2042 386 2096 regni
410 2041 541 2081 nostri
572 2040 638 2079 vel
670 2051 802 2092 prope
826 2037 956 2076 nollet
989 2044 1094 2075 stare
1116 2036 1277 2089 legibus
1310 2036 1425 2090 regni
1449 2037 1593 2089 nostri,
1610 2014 1887 2084 i‘J‘i1tui-{i1ngrciietdig

271 2114 343 2153 sed
388 2110 565 2165 sparsim
608 2109 812 2162 acciperet
856 2107 1149 2147 municionem
1188 2107 1358 2147 ecclesie
1402 2120 1594 2146 commo·
1676 2085 1819 2112 semon'

269 2183 408 2223 vendo
447 2180 706 2221 sedicionem
738 2179 781 2217 in
819 2178 997 2232 populo,
1042 2178 1332 2230 pretendendo
1372 2177 1596 2232 utrobique

270 2253 505 2293 libertatem
528 2251 712 2302 ecclesie,
746 2249 968 2303 quomodo
993 2256 1119 2287 staret
1139 2245 1345 2300 regnum?
1379 2249 1432 2287 Et
1454 2248 1486 2287 si
1510 2261 1597 2287 non

271 2323 366 2363 licet
397 2323 481 2376 regi
513 2323 641 2363 talem
672 2322 841 2361 hostem
864 2319 1143 2359 domesticum
1180 2319 1229 2357 de
1253 2318 1393 2358 castris
1427 2317 1597 2358 ecclesie

216 2405 258 2438 30
273 2408 347 2433 sue
379 2393 602 2444 extrahere,
642 2392 862 2446 quomodo
901 2390 1041 2430 liceret
1072 2389 1114 2428 in
1146 2402 1278 2442 regno
1311 2402 1399 2428 non
1430 2397 1598 2428 tantum

274 2464 461 2504 subiecto
495 2463 687 2503 ecclesias
719 2461 794 2501 Dei
827 2460 1021 2500 invadere
1054 2469 1094 2499 et
1115 2459 1330 2499 remissius
1362 2458 1598 2512 proditores

273 2535 337 2574 vel
368 2534 510 2574 hostes
543 2529 755 2573 occidere?
788 2533 899 2572 Nam
931 2530 1001 2570 ubi
1035 2538 1095 2570 est
1124 2529 1260 2569 maior
1288 2529 1442 2570 falsitas
1473 2538 1599 2582 atque

273 2604 423 2644 iniuria
456 2603 699 2655 coloracior,
732 2602 787 2641 ibi
821 2610 882 2641 est
913 2614 1022 2654 pena
1054 2600 1215 2640 iustior.

328 2774 353 2793 2.
376 2765 421 2792 D:
443 2765 524 2792 nolle
539 2768 681 2792 tractare.
773 2772 801 2799 9.
825 2770 866 2790 10.
889 2760 1069 2790 defenderet
1088 2761 1117 2788 in
1138 2761 1228 2789 codd.
1323 2768 1357 2788 11.
1379 2761 1407 2787 A
1428 2760 1458 2787 in
1480 2767 1598 2794 marg:

276 2811 351 2848 Legi
379 2812 461 2847 regis
492 2819 560 2839 esse
579 2811 813 2839 inobedientem
835 2813 925 2836 nocet
945 2809 1088 2836 multum.
1120 2808 1243 2843 (Above
1264 2813 1332 2841 1400
1362 2806 1490 2835 without
1514 2806 1600 2833 mark

277 2857 312 2885 of
329 2857 509 2892 reference.)
635 2865 677 2892 ¹4·
700 2858 729 2884 A
748 2857 777 2884 in
800 2864 915 2891 marg:
939 2854 1120 2890 Gregorius.
1247 2853 1285 2881 15.
1310 2854 1351 2879 D:
1374 2853 1598 2879 demonstrare.

279 2911 320 2939 17.
340 2905 369 2931 A
389 2904 428 2931 Βι
449 2903 532 2932 enim
553 2904 651 2932 deest.
794 2910 836 2930 22.
858 2901 904 2930 D:
927 2909 988 2929 non
1010 2901 1075 2929 rite.
1220 2907 1266 2934 20.
1288 2900 1332 2927 D:
1362 2899 1477 2926 liceret.
