2045 3312
310 261 399 289 cm).
424 251 522 309 xm]
812 267 871 298 DE
898 267 1137 299 ECCLESIA.
1844 261 1862 299 3
1880 276 1888 300 ¹
1908 277 1918 300 1

157 380 195 413 H
218 384 293 424 172⁰
370 371 448 409 Hic
494 371 763 410 concedenda
797 380 856 410 est
889 372 1105 411 conclusio
1152 372 1217 427 (ut
1249 373 1348 412 alias
1381 374 1528 414 diffuse
1562 389 1630 414 ex·
1664 419 1688 446 It
1711 387 1862 449 Antswert}
1897 427 1906 450 t

1710 428 1735 447 lS
1771 429 1823 447 sue
1864 430 1893 449 ia

308 439 468 496 posui),
513 454 612 481 nam
656 441 756 481 iusti
796 448 898 481 sunt
940 443 1082 481 omnia
1132 443 1223 482 iure
1268 443 1355 496 poli
1406 442 1470 498 (ut
1509 445 1898 518 docetltherilg'hhepus

1654 498 1724 518 ]ave
1751 499 1766 517 a
1830 500 1911 523 ΠΠΞΞ

308 512 557 564 Apostolus,
588 512 883 551 Romanorum
912 513 1040 563 vnio,
1074 522 1113 552 et
1142 513 1422 566 Augustinus,
1456 514 1633 567 epistola
1648 525 1819 565 buitousq
1838 514 1922 574 tpem'

308 581 533 632 XXXVIIH,
564 582 615 621 ad
645 580 978 636 Macedonium).
1013 583 1134 622 Unde
1158 583 1293 622 clerici
1327 584 1480 624 debent
1513 585 1631 638 sequi
1692 560 1879 623 msgriirclssis

274 661 470 704 §patrem
503 665 629 690 suum
662 652 882 691 abiciendo
915 652 1264 693 dominacionem
1288 654 1467 705 civilem,
1492 655 1628 694 domi-

306 722 447 761 nando
480 736 583 774 pure
616 722 852 774 evangelice
887 736 934 761 ex
967 723 1091 763 titulo
1133 723 1325 765 caritatis,
1388 725 1482 764 Hoc
1516 725 1630 764 enim

305 792 461 831 habent
505 791 792 844 exemplatum
838 807 859 831 a
905 792 1074 833 Christo
1120 802 1159 833 et
1204 794 1317 834 aliud
1363 804 1574 847 usurpant
1607 810 1630 834 a

306 874 461 913 cesare3
516 862 631 915 quod
686 862 716 900 si
770 863 866 915 plus
912 863 1207 915 appreciantur
1256 864 1408 904 imitari
1445 879 1628 905 cesarem

305 945 434 985 quam
474 932 704 983 Christum,
744 933 838 986 quis
878 934 1042 973 dubitat
1075 934 1177 987 quin
1211 949 1259 974 ex
1298 937 1628 989 degeneracione

250 1003 486 1055 ioperdunt
512 1000 766 1056 utrumque?
798 1004 942 1043 Potest
966 1017 1065 1058 ergo
1087 1005 1220 1045 clerus
1244 1006 1395 1046 habere
1419 1007 1628 1059 quotlibet

304 1073 415 1111 bona
448 1087 496 1112 ex
528 1073 652 1112 titulo
697 1074 926 1113 elemosine
959 1075 1011 1114 ad
1044 1075 1332 1128 supplendum
1366 1090 1493 1116 suum
1532 1077 1625 1117 offi-

303 1142 416 1182 cium
462 1152 500 1182 et
540 1143 883 1183 distribuendum
923 1145 1194 1197 pauperibus,
1229 1154 1268 1185 et
1298 1146 1341 1184 in
1373 1146 1453 1187 hoc
1487 1147 1624 1188 imita-

303 1222 446 1253 rentur
485 1213 700 1253 Christum
753 1223 792 1254 et
845 1214 932 1254 eius
979 1216 1210 1268 apostolos,
1258 1230 1345 1256 non
1396 1226 1538 1257 autem
1582 1218 1624 1257 in

302 1283 564 1323 dominando
618 1284 803 1336 civiliter,
859 1298 957 1324 cum
1003 1286 1085 1325 hoc
1132 1285 1239 1326 foret
1283 1287 1531 1340 oppositum
1582 1288 1623 1327 in

250 1353 475 1405 15adiecto‚
510 1363 549 1393 et
581 1355 817 1394 secundum
866 1355 989 1395 istam
1020 1356 1234 1397 racionem
1269 1357 1376 1397 foret
1408 1357 1464 1396 eis
1497 1359 1621 1411 patri-

300 1423 495 1463 monium
529 1424 724 1465 crucifixi.
755 1426 878 1466 Unde
907 1425 1267 1466 consideraremus
1298 1441 1349 1466 ne
1379 1428 1621 1481 blaspheme

299 1495 570 1534 nominemus
604 1495 937 1549 occupacionem
970 1496 1183 1537 bonorum
1215 1497 1370 1537 Christi
1404 1498 1619 1538 abutendo

298 1565 353 1604 eis
401 1565 578 1604 heretice
624 1564 688 1620 (ut
733 1565 894 1605 dictum
927 1575 988 1606 est
1019 1567 1061 1605 in
1095 1566 1176 1606 fine
1210 1568 1391 1620 proximi
1426 1568 1617 1623 capituli)

295 1636 360 1674 vel
392 1649 443 1675 ne
477 1636 749 1676 nominemus
782 1636 951 1675 divicias
986 1638 1220 1676 secundum
1256 1637 1372 1677 illam
1405 1638 1618 1678 racionem

238 1720 279 1742 20
296 1706 603 1758 patrimonium
636 1706 831 1746 crucifixi.
886 1707 941 1757 Si,
987 1707 1175 1760 inquam,
1221 1707 1272 1747 sit
1311 1707 1618 1760 patrimonium

201 1776 491 1827 172<¹crucifixi‚
538 1776 852 1817 faciamusffut
899 1779 1057 1817 utendo
1103 1777 1160 1817 eis
1199 1778 1250 1816 ad
1294 1777 1617 1818 similitudinem

294 1846 477 1886 crucifixi
511 1847 809 1900 imperciamur
843 1861 888 1887 ea
921 1847 1097 1887 fideliter
1129 1848 1329 1887 membris
1358 1849 1615 1901 pauperibus

294 1916 489 1967 crucifixi,
545 1926 591 1956 ut
644 1918 817 1957 demum
862 1917 1164 1971 participemus
1212 1919 1363 1958 merito
1417 1918 1613 1970 crucifixi,

292 1988 403 2026 unde
448 1987 602 2027 abusus
651 1997 792 2028 noster
836 1987 943 2028 foret
976 1988 1157 2027 maxime
1191 1988 1436 2028 revocabilis
1476 1989 1613 2028 consi-

234 2062 273 2093 25
293 2057 478 2096 der-ando
511 2067 670 2098 attente
704 2059 754 2098 de
788 2059 962 2098 nomine
994 2058 1239 2111 patrimonii
1274 2057 1470 2098 crucifixi.

256 2131 275 2163 I
348 2127 507 2168 Contra
538 2129 615 2168 ista
638 2143 782 2181 arguo,
816 2130 957 2182 primo
982 2130 1099 2183 quod
1122 2129 1266 2169 omnia
1289 2130 1399 2169 bona
1424 2129 1632 2198 ecclesie,1
1667 2135 1854 2200 thfjtelcngn:
1891 2185 1901 2192 ἢ

288 2197 373 2237 sive
395 2198 438 2237 in
461 2198 574 2238 laicis
598 2199 682 2238 sive
706 2199 747 2238 in
772 2199 894 2250 clero,
926 2208 1024 2239 sunt
1046 2200 1096 2239 de
1120 2199 1378 2252 patrimonio
1408 2198 1608 2250 crucifixi,
1639 2192 1644 2197 ⁴
1689 2182 1834 2247 0133}ss
1851 2184 1902 2203 a&

288 2267 375 2320 ipse
420 2269 533 2308 enim
581 2278 642 2309 est
686 2269 804 2308 heres
853 2270 1011 2309 habens
1056 2270 1098 2308 in
1143 2269 1278 2322 capite
1311 2269 1455 2309 omnia
1496 2269 1607 2308 bona

287 2338 450 2390 mundi,
495 2348 535 2379 et
580 2353 656 2378 nos
700 2339 823 2379 titulo
856 2340 1103 2393 adopcionis
1137 2339 1271 2379 filialis
1304 2339 1606 2392 participamus

338 2507 357 2526 1.
384 2499 599 2536 Ai111narg.:
630 2501 816 2536 Responsio.
847 2501 921 2528 Iusti
954 2506 1026 2528 sunt
1056 2500 1172 2528 omnia.
1318 2507 1358 2526 10.
1391 2498 1411 2525 Β
1434 2498 1463 2525 in
1488 2506 1603 2533 marg.:

284 2544 396 2573 Clerici
417 2547 504 2574 titulo
526 2548 695 2575 elemosine
718 2552 851 2582 possunt
870 2548 984 2575 habere
1005 2547 1161 2582 quotlibet
1182 2547 1273 2573 bona.
1472 2552 1508 2572 12.
1530 2546 1554 2572 A
1574 2545 1603 2572 in

282 2601 398 2628 marg:
431 2593 512 2621 Nota
533 2595 569 2621 de
591 2595 780 2629 patrimonio
810 2594 958 2622 crucilixi.
988 2594 1070 2621 Nota
1101 2593 1260 2629 quomodo
1288 2592 1466 2619 sacerdotes
1494 2592 1606 2618 debent

283 2640 435 2668 dominari
478 2642 655 2676 evangelice
684 2642 739 2669 toti
771 2642 888 2669 mundo
920 2646 947 2668 et
977 2649 1039 2668 non
1074 2640 1254 2668 seculariter
1283 2647 1422 2666 cesarem
1454 2636 1604 2664 imitando

282 2687 397 2722 (Below
422 2693 483 2723 1720
503 2688 637 2716 without
656 2689 743 2716 mark
765 2688 800 2715 ot*
817 2688 997 2722 reference).
1118 2688 1165 2714 26.
1187 2687 1290 2714 Prima
1312 2685 1406 2713 racio.
1429 2684 1526 2711 Color
1547 2692 1603 2718 pro

283 2733 504 2762 dominacione
526 2735 608 2762 civili
630 2735 715 2762 cleri.
842 2741 889 2769 29.
912 2735 950 2761 ss:
974 2735 1157 2770 adopcionis
1179 2735 1286 2763 finalis.

337 2851 368 2881 4.
396 2842 461 2883 Ep.
488 2842 592 2874 CLIII
634 2843 669 2874 in
704 2841 763 2874 the
796 2843 944 2874 modern
978 2842 1151 2876 Editions.
1299 2845 1348 2878 18.
1381 2845 1469 2881 Vide
1497 2860 1602 2892 supra

282 2908 359 2941 pag.
389 2909 464 2941 297.
