2045 3312
281 267 372 296 CAP.
394 257 481 316 xv.]
790 273 850 306 DE
877 272 1111 306 ECCLESIA.

126 385 262 432 Q177⁰¹
279 376 398 416 civile
443 377 696 417 dominium.
743 377 785 418 Si
829 386 973 418 autem
1016 377 1203 418 viverent
1247 378 1377 419 vitam
1422 379 1601 419 omnino

278 447 662 500 exproprietariam‚
704 447 809 487 sicut
839 447 1034 488 vixerunt
1078 447 1272 488 Christus
1317 457 1357 489 et
1400 449 1600 502 Baptista,

276 531 363 557 non
397 517 535 559 forent
566 518 624 558 sic
657 516 843 570 subiecti,
877 526 916 557 et
953 517 1009 557 sic
1049 517 1216 558 racione
1255 518 1468 559 bonorum
1516 519 1599 559 for-

275 597 375 628 tune
409 598 448 629 et
479 589 693 629 bonorum
726 597 872 629 nature
903 588 945 627 in
979 602 1075 628 casu
1108 602 1195 642 quo
1220 589 1437 643 contingat
1469 590 1507 628 in
1544 590 1600 629 eis

242 659 430 701 5abusus
462 660 527 699 vel
559 667 828 712 contemptus
861 658 1056 698 notabilis
1087 658 1183 699 licet
1216 659 1301 712 regi
1333 673 1403 699 eos
1428 659 1601 700 civiliter

276 729 507 781 cohercere,
532 742 617 768 non
642 729 682 768 in
707 737 915 782 quantum
940 728 1187 780 sacerdoteS‚
1222 729 1294 768 sed
1327 729 1368 768 in
1392 739 1601 784 quantum

276 799 382 853 regis
406 799 684 839 elemosinarii
708 799 772 839 vel
795 799 989 838 homines
1014 798 1101 838 eius
1124 799 1219 853 legii
1239 808 1602 853 contempnentes,

276 870 329 909 Et
361 869 418 909 sic
451 869 533 923 regi
566 883 644 910 suo
677 869 719 909 in
753 883 929 923 corpore
963 878 1002 909 et
1034 869 1156 909 bonis
1185 870 1474 923 multipliciter
1505 881 1603 911 sunt

277 939 466 980 subiecti.
531 940 713 979 Econtra
748 949 889 980 autem
923 953 991 979 rex
1024 940 1146 980 debet
1179 954 1266 980 esse
1301 941 1358 980 eis
1391 941 1602 982 subiectus

221 1010 317 1053 10in
353 1010 431 1050 hiis
465 1023 546 1063 que
580 1020 678 1050 sunt
709 1011 758 1049 ad
793 1011 946 1062 Deum,
982 1020 1028 1050 ut
1060 1010 1111 1051 sit
1144 1010 1200 1051 sic
1223 1020 1371 1052 mutua
1395 1013 1602 1053 connexio

275 1081 452 1121 caritatis
485 1090 524 1121 et
557 1080 713 1120 ordinis
746 1080 982 1134 utrobique.

167 1161 206 1195 R
233 1162 258 1195 3
335 1151 486 1192 Tercio
519 1151 708 1205 arguitur
739 1165 813 1204 per
835 1151 915 1191 hoc
938 1152 1053 1204 quod
1077 1151 1209 1192 clerus
1233 1167 1452 1207 nunquam
1478 1155 1601 1196 debet

1815 264 1887 303 351

1674 598 1765 638 They
1784 607 1835 628 are

1630 635 1749 669 subject
1770 640 1824 662 not
1844 643 1877 662 as

1633 670 1746 706 clergy,
1769 671 1821 697 but
1844 680 1876 697 as

1639 704 1790 732 almsmen
1812 706 1871 733 and

1676 739 1837 774 liegenicn.

1653 1162 1678 1190 3.
1700 1161 1767 1189 The
1789 1161 1859 1191 laiiv

1648 1198 1743 1232 ought
1763 1202 1794 1224 to
1814 1195 1862 1225 act

274 1222 460 1275 castigari
482 1236 554 1275 per
577 1221 731 1261 laicum
765 1221 840 1260 nisi
874 1221 915 1261 in
941 1222 1104 1262 defectu
1135 1223 1360 1276 spiritualis
1385 1225 1598 1277 prepositi,
1625 1235 1698 1268 only
1719 1232 1747 1259 in
1771 1233 1886 1260 desaulr

275 1303 313 1333 et
349 1307 421 1347 per
456 1306 718 1345 consequens
753 1306 971 1345 nunquam
1002 1301 1229 1346 antequam
1252 1308 1359 1346 papa
1391 1294 1599 1345 defecerit,

222 1376 258 1407 15
275 1372 442 1417 oportet
462 1377 560 1416 ergo
584 1363 801 1402 subditum
825 1362 976 1416 corripi
1010 1377 1082 1416 per
1104 1363 1390 1415 diocesanum,
1414 1367 1599 1406 secundo

275 1448 347 1487 per
392 1433 784 1487 metropolitanum,
835 1443 874 1472 et
919 1433 949 1471 si
994 1433 1050 1472 illi
1097 1433 1335 1484 defecerint,
1384 1444 1483 1475 tunc
1528 1451 1601 1490 per

274 1518 441 1558 papam.
476 1505 528 1543 Et
560 1517 645 1543 non
680 1512 740 1543 est
772 1504 1104 1556 presumendum
1139 1505 1254 1557 quod
1288 1504 1329 1543 in
1363 1505 1441 1545 hiis
1471 1506 1601 1547 tribus

274 1574 402 1628 signis
439 1574 610 1614 ecclesia
644 1573 796 1613 Christi
833 1573 1006 1615 deficiet.

332 1645 411 1684 Hic
443 1645 594 1685 dicitur
626 1645 740 1698 quod
774 1654 1041 1698 assumptum
1086 1655 1146 1686 est
1188 1660 1350 1698 verum,
1393 1647 1492 1700 quia
1537 1646 1602 1703 (ut

216 1740 257 1761 20
273 1729 369 1768 sepe
403 1714 504 1770 dixi)
532 1715 703 1755 clericus
727 1729 945 1769 nunquam
972 1716 1159 1769 castigari
1191 1705 1312 1757 debet
1346 1731 1417 1770 per
1446 1718 1601 1758 laicum

274 1786 349 1825 nisi
385 1782 631 1826 auctoritate
664 1786 833 1825 ecclesie
868 1786 906 1824 in
942 1786 1105 1826 defectu
1139 1787 1363 1840 spiritualis
1397 1789 1600 1841 prepositi

274 1856 385 1896 etin
420 1870 516 1896 casu
550 1870 636 1909 quo
677 1856 848 1895 clericus
898 1856 1019 1896 fuerit
1071 1871 1093 1896 a
1141 1856 1221 1897 fide
1265 1858 1423 1910 devius.
1478 1860 1599 1898 Unde

274 1926 416 1980 posito
449 1927 499 1966 de
533 1926 723 1979 possibili
757 1927 872 1980 quod
918 1940 1067 1966 omnes
1100 1927 1285 1980 episcopi
1320 1929 1435 1982 regni
1469 1929 1600 1968 nostri

275 1996 469 2037 deficiant
503 1997 543 2035 in
578 1996 662 2036 suis
697 1996 1031 2036 correccionibus
1065 2006 1161 2050 post
1193 1998 1258 2037 vel
1290 2008 1401 2050 ante,
1436 2000 1601 2040 racione

220 2080 258 2112 25
278 2068 396 2107 cuius
429 2067 614 2106 defectus
638 2067 862 2106 invalescat
885 2076 1105 2120 peccatum
1137 2068 1186 2107 ad
1212 2068 1325 2121 regni
1351 2069 1601 2121 periculum,

276 2152 423 2191 regum
467 2146 610 2177 autem
651 2146 711 2177 est
756 2138 832 2177 sub
877 2137 989 2191 gravi
1038 2138 1224 2190 periculo
1272 2139 1429 2178 clerum
1475 2154 1600 2179 suum

276 2208 481 2261 corripere
505 2208 646 2261 quoad
671 2221 822 2259 corpus
847 2208 909 2246 vel
933 2208 1216 2248 substanciam
1240 2209 1348 2260 cleri,
1383 2210 1423 2248 in
1448 2210 1601 2263 quibus

274 2279 469 2332 potestati
509 2278 617 2332 regie
657 2286 716 2318 est
749 2278 982 2330 subiectus;
1015 2280 1132 2331 quod
1179 2279 1209 2318 si
1256 2280 1388 2319 clerus
1433 2280 1600 2319 devenit

276 2350 327 2389 ad
351 2357 511 2389 tantam
534 2347 867 2402 profunditatem
903 2349 1079 2400 malicie,
1113 2349 1339 2403 spiritualis
1362 2350 1601 2403 prepositus

219 2419 524 2462 zoomnimode
558 2428 618 2459 est
665 2419 706 2458 in
740 2433 875 2459 causa.
922 2421 1007 2459 Nec
1054 2429 1114 2459 est
1158 2420 1375 2473 prudentis
1422 2434 1600 2460 asserere

277 2490 394 2543 quod
416 2503 484 2530 rex
509 2499 743 2543 expectaret
766 2489 1073 2530 correccionem
1099 2490 1209 2543 cleri⁷
1243 2504 1469 2544 quousque
1494 2504 1600 2543 papa

329 2639 358 2666 8.
378 2638 400 2665 B
416 2638 445 2666 in
462 2646 577 2674 marga
600 2637 663 2666 Sub
686 2645 746 2674 qua
761 2638 884 2666 racione
902 2646 953 2666 rex
970 2643 1071 2673 potest
1086 2638 1264 2666 sacerdotes
1280 2638 1410 2666 civiliter
1424 2639 1599 2666 cohercere

278 2694 319 2713 10.
352 2685 373 2712 Β
395 2686 424 2712 in
446 2693 560 2720 marg:
581 2685 615 2713 In
636 2685 694 2712 hiis
717 2693 777 2720 que
798 2685 834 2712 ad
857 2685 955 2712 Deum
988 2686 1130 2720 perinent
1158 2694 1210 2713 rex
1236 2691 1281 2713 est
1314 2685 1473 2713 subiectus
1503 2693 1600 2712 sacer-

278 2733 413 2760 dotibus.
559 2740 596 2759 12.
626 2734 652 2759 A
681 2732 709 2759 in
738 2740 852 2767 marg:
885 2731 1025 2759 Clericus
1056 2740 1215 2767 nunquam
1249 2732 1340 2759 debet
1369 2731 1515 2766 castigari
1546 2740 1600 2766 per

276 2779 388 2807 laicum
411 2780 468 2806 nisi
490 2780 519 2807 in
541 2780 663 2807 defectu
691 2778 844 2814 spirituali
867 2778 1026 2814 prepositi,
1056 2779 1110 2806 sed
1133 2787 1195 2806 non
1217 2783 1337 2814 oportet
1364 2783 1396 2805 ut
1418 2787 1496 2814 pape
1531 2786 1600 2805 cor-

278 2826 379 2853 reccio
394 2832 581 2862 expectetur.
709 2834 751 2860 ¹9-
772 2827 799 2853 A
820 2826 848 2852 in
867 2834 982 2861 marga
1004 2825 1194 2861 Responsio.
1329 2833 1373 2853 ρο.
1396 2827 1467 2853 Ain
1485 2833 1595 2859 marga

279 2872 450 2901 Conclusio
473 2877 616 2901 notanda.
724 2881 762 2900 21.
786 2882 829 2900 22.
861 2875 888 2900 A
908 2874 964 2907 A,:
997 2873 1147 2908 prepositi
1175 2873 1204 2900 in
1232 2881 1316 2900 casn.
1426 2874 1470 2899 28.
1494 2873 1521 2899 Α
1542 2874 1599 2905 Α,;

279 2921 361 2956 qnod
383 2935 414 2939 —
435 2921 615 2949 omnimode
637 2925 681 2948 est
705 2920 799 2947 deest.
945 2918 982 2947 31.
1005 2921 1031 2947 A
1053 2919 1074 2946 P,
1097 2920 1125 2947 in
1149 2928 1263 2954 marg:
1285 2919 1402 2947 Ficcio.

1613 1271 1643 1296 oi
1673 1269 1723 1295 the
1752 1267 1892 1302 spiritual

1659 1303 1852 1330 authorities.

1679 1658 1828 1684 Answer:

1632 1692 1730 1720 Trne:
1753 1693 1807 1719 bnt
1826 1693 1877 1719 the

1632 1727 1711 1761 Ix'ing
1731 1727 1755 1754 is
1777 1733 1830 1754 not
1852 1733 1882 1755 to

1649 1762 1719 1789 wait
1740 1762 1789 1789 for
1810 1763 1858 1790 tlte

1632 1797 1744 1831 Popc's
1757 1798 1874 1829 action,

1675 1833 1724 1860 tor
1744 1840 1836 1868 many

1680 1876 1829 1901 reasons;
