2045 3312
203 274 296 303 CAP·
314 263 394 322 Ν]
724 276 782 308 DE
808 275 1044 308 ECCLEsrA.
1769 261 1816 298 81

67 396 87 428 1
116 383 485 438 1390colorandum
517 382 633 434 quod
672 381 815 421 omnia
851 395 933 434 que
980 380 1149 419 fuerunt
1190 379 1252 418 vel
1284 388 1404 418 erunt
1437 386 1534 418 sunt

209 453 298 493 Deo
321 451 546 506 presencia,
571 460 610 490 et
634 451 691 491 sic
714 452 765 490 ad
781 451 1020 491 tollendum
1041 450 1325 504 principatum
1339 449 1533 488 Romane

205 522 374 563 ecclesie
418 520 589 574 fingitur
633 522 751 575 quod
794 520 968 561 ecclesia
1011 529 1072 560 est
1119 534 1272 573 corpus
1314 528 1354 559 et
1384 518 1533 569 homo,

204 593 445 645 ubicunque
466 600 563 631 sunt
585 590 749 643 fideles;
772 592 889 645 quod
904 591 1115 631 Johannes
1138 605 1249 644 papa
1262 589 1377 630 XXII
1410 598 1534 642 negat

172 671 244 707 5et
274 662 543 715 philosophia
568 662 618 701 de
651 661 977 701 continuacione
1005 660 1204 714 requisita
1236 660 1288 699 ad
1321 673 1409 700 esse
1442 673 1532 700 cor-

203 732 330 786 poris·
363 733 487 772 Unde
516 731 595 771 nisi
626 746 649 772 a
681 731 801 785 signo
837 731 1020 771 sensibili
1057 745 1280 784 possemus
1304 730 1534 770 discernere

203 803 275 856 qui
310 802 446 842 forent
486 801 764 854 ecclesiastici,
798 815 883 841 non
917 814 1144 855 possemus
1176 801 1244 841 hic
1278 814 1534 854 cognoscere

204 881 385 913 matrem
417 881 634 924 nostram;
678 872 795 926 quod
837 881 1060 925 tamquam
1103 871 1339 911 maximum
1386 871 1533 911 incon—

202 943 373 983 veniens
396 942 675 983 confunderet
695 942 945 994 religionem
970 941 1253 993 christianam,
1285 955 1381 981 cum
1406 955 1533 981 nemo

151 1035 188 1057 ιο
203 1022 368 1054 tenetur
399 1013 569 1065 diligere
602 1013 719 1067 quod
751 1027 839 1053 non
872 1012 1023 1054 noscit.

262 1084 342 1124 Hic
385 1084 536 1124 dicitur
575 1084 690 1138 quod
729 1084 807 1123 ista
845 1092 906 1124 est
944 1097 1119 1123 concors
1159 1092 1402 1123 sanctorum
1439 1097 1533 1123 sen-

201 1154 337 1193 tencia
388 1153 454 1209 (ut
485 1154 638 1207 partim
670 1154 805 1208 patuit
827 1168 875 1193 ex
908 1151 1062 1209 dictis),
1096 1167 1171 1193 nec
1204 1167 1388 1207 usquam
1419 1153 1533 1192 inve-

204 1224 340 1264 nietur
371 1225 556 1279 aliquem
589 1234 784 1265 sanctum
823 1224 1105 1264 contradicere
1144 1224 1209 1263 isti
1244 1223 1466 1271 sentencie,
1502 1223 1535 1263 si

204 1307 289 1334 non
324 1294 457 1335 fallor.
490 1296 615 1335 Unde
647 1294 779 1335 sancti
811 1295 1021 1346 doctores,
1044 1293 1148 1334 fides
1172 1293 1342 1333 ecclesie
1375 1302 1415 1333 et
1446 1293 1535 1332 iura

151 1364 407 1408 15canonica
437 1373 581 1404 tenent
612 1365 729 1404 illam
762 1365 1037 1405 concorditer.
1072 1365 1184 1404 Nam
1206 1364 1347 1417 quoad
1380 1372 1535 1403 etatem

205 1435 374 1475 ecclesie
418 1434 473 1474 sic
507 1435 646 1475 scribit
681 1435 947 1487 Augustinus
981 1447 1106 1488 super
1137 1434 1306 1473 Psalmo
1341 1432 1532 1473 CXLHo:
1560 1424 1807 1488 ξξῗῖξξὲᾙξῐξξξξ

205 1504 413 1555 Ecclesia,
430 1504 581 1558 inquit,
599 1518 678 1558 que
698 1512 760 1545 est
792 1506 951 1545 mulier
976 1506 1171 1557 antiqua,
1205 1504 1357 1543 civitas
1390 1503 1475 1543 Dei
1496 1509 1535 1542 et
1548 1494 1606 1565 ἓξ]
1621 1492 1826 1556 (ξξῖξζζοῖᾏξξῇ

206 1587 364 1627 corpus
385 1575 555 1626 Christi,
590 1575 717 1616 habet
749 1576 926 1616 inicium
960 1575 1014 1615 ab
1037 1574 1158 1627 Abel,
1191 1575 1302 1614 sicut
1325 1573 1442 1612 mala
1475 1573 1532 1612 ci-

207 1646 316 1685 vitas
349 1659 374 1684 a
411 1644 562 1698 Caym.

177 1727 194 1759 1
266 1715 345 1755 Sed
380 1724 524 1755 contra
545 1716 657 1756 istud
680 1716 871 1767 obicitur,
888 1716 1027 1770 primo
1047 1729 1122 1770 per
1142 1716 1224 1756 hoc
1248 1715 1363 1769 quod
1397 1713 1531 1765 angeli
1548 1704 1761 1767 Tssblssfflffin
1773 1725 1825 1766 'ex

208 1784 441 1825 confirmati
492 1786 565 1839 qui
609 1796 707 1827 sunt
751 1786 991 1840 principalis
1041 1800 1136 1840 pars
1185 1785 1355 1825 ecclesie
1393 1775 1827 1837 totumgffddefflffinffiffj

1650 1846 1723 1872 Eve.

1616 1075 1766 1102 Answer:

1548 1109 1598 1137 ΑΗ
1621 1110 1746 1137 doctors
1763 1110 1822 1137 and

1561 1145 1657 1172 saints
1679 1146 1718 1184 do
1739 1153 1815 1180 sup-

1619 1185 1689 1215 port
1710 1185 1747 1213 113

206 1869 338 1909 genus
373 1856 600 1896 hominum
631 1866 931 1909 precesserunt.
956 1857 1075 1907 Item,
1105 1857 1244 1896 Adam
1279 1864 1318 1896 et
1343 1856 1431 1895 Eva
1465 1854 1538 1908 qui

165 1935 304 1969 2sunt
350 1927 540 1965 membra
585 1935 726 1966 sancte
766 1927 909 1967 matris
956 1926 1126 1967 ecclesie
1165 1926 1334 1966 fuerunt
1380 1925 1538 1978 priores

207 1995 292 2035 filio
325 2010 403 2036 suo
425 1997 545 2047 Abel,
579 2010 664 2036 non
699 2011 798 2050 ergo
821 1997 1001 2050 sumpsit
1023 1996 1193 2036 ecclesia
1215 1995 1389 2035 inicium
1413 2008 1538 2035 suum

152 2077 191 2110 25
209 2067 259 2106 ab
292 2067 412 2106 Abel.

1615 2124 1766 2152 Answer:

155 2147 194 2180 K
268 2137 486 2185 Quantum
505 2137 556 2175 ad
575 2136 699 2188 istud,
724 2137 875 2177 dicitur
898 2137 1014 2191 quod
1037 2137 1210 2177 ecclesia
1233 2150 1344 2176 nunc
1360 2135 1541 2176 sumitur
1583 2158 1653 2186 The
1675 2159 1800 2186 Church

177 2218 194 2249 1
208 2219 283 2258 pro
298 2206 565 2247 universitate
585 2207 812 2247 hominum
834 2207 1218 2261 predestinatorum
1251 2206 1317 2261 (ut
1337 2207 1378 2245 in
1394 2215 1538 2247 aucto·
1573 2199 1755 2257 ἶῗςᾞᾟξῇῗ
1771 2202 1806 2256 (¹,ss

207 2276 325 2316 ritate
368 2277 554 2330 predicta
594 2277 702 2316 beati
741 2276 987 2331 Augustini)
1028 2287 1068 2317 et
1105 2291 1218 2317 nunc
1258 2291 1333 2329 pro
1372 2277 1538 2316 univer·
1555 2270 1829 2326 ‘PJQSC‘fflZUfflfiS

209 2346 327 2385 sitate
371 2356 557 2387 creature
599 2347 724 2386 beate
760 2349 825 2401 (put
857 2356 970 2400 patet
1002 2347 1287 2387 Encheridion
1319 2345 1467 2398 LVIO),
1502 2356 1541 2386 et
1654 2335 1729 2368 ἕως·

154 2425 195 2457 30
211 2428 309 2455 cum
341 2416 382 2455 in
416 2416 632 2474 equivocis
666 2430 753 2456 non
786 2417 838 2456 sit
861 2417 1158 2470 contradiccio,
1188 2425 1302 2470 patet
1324 2417 1440 2470 quod
1464 2430 1540 2456 nec

262 2560 286 2579 2.
309 2554 347 2588 A¹
368 2552 525 2588 corrigere
544 2554 626 2581 vult:
648 2554 868 2581 tollerandum.
1050 2563 1086 2582 11.
1108 2556 1137 2582 A
1156 2554 1186 2581 in
1215 2561 1332 2589 marg:
1352 2552 1536 2589 Responsio.

210 2607 253 2633 14.
275 2601 302 2626 A
322 2600 352 2627 in
373 2608 488 2635 marga
511 2599 644 2636 Triplex
664 2605 895 2628 testamentum.
1076 2602 1112 2629 15.
1135 2600 1176 2627 13:
1198 2600 1396 2628 concorditer
1418 2606 1539 2629 etatem.

213 2646 252 2673 16.
273 2647 302 2673 A
322 2646 352 2673 in
374 2655 490 2682 marg:
512 2647 722 2681 Augustinus.
768 2654 807 2674 21.
829 2649 857 2674 A
878 2648 908 2675 in
932 2656 1050 2683 marg:
1072 2647 1194 2683 Duplex
1214 2647 1364 2674 obieccio.
1438 2655 1476 2674 21.
1498 2647 1539 2674 ss:

213 2692 264 2727 qui
284 2698 355 2721 sunt
374 2694 525 2721 membra.
652 2694 699 2721 26.
721 2695 749 2721 A
766 2694 796 2721 in
820 2702 935 2729 marg.:
957 2694 1100 2722 Solucio.
1244 2701 1289 2728 27.
1310 2695 1339 2721 A
1365 2694 1396 2721 in
1424 2702 1538 2729 marg:

215 2738 354 2766 Ecclesie
381 2740 594 2776 equivocacio.
703 2748 749 2775 20.
771 2741 804 2767 In
832 2741 942 2768 codd:
963 2741 1175 2768 Encheridion
1198 2740 1276 2768 XLI.
1299 2739 1438 2769 Correxi.

277 2870 327 2903 19.
354 2862 441 2904 Aug.
469 2862 561 2905 Opp.
587 2868 661 2893 tom
687 2862 730 2901 V,
756 2872 833 2904 pag.
859 2861 956 2906 1589.
1055 2872 1108 2905 29.
1141 2863 1230 2904 Aug.
1264 2862 1356 2904 Opp.
1384 2867 1454 2892 tom
1483 2861 1539 2900 VI,

215 2928 292 2960 pag.
322 2929 397 2962 2¹7·

1392 2980 1411 3009 6
