2045 3312
108 276 188 316 366
830 285 1055 318 JOHANNIS
1082 285 1280 317 WYCLIF.
1508 269 1612 328 [cAp.
1637 278 1719 308 xvi

397 392 593 431 vicariam
627 405 714 430 non
747 391 799 430 sit
831 390 1066 441 contencio,
1101 403 1199 429 cum
1232 399 1445 443 quotquot
1474 396 1722 441 receperunt
1743 397 1819 444 ¹79⁶
1842 399 1874 432 F

400 476 496 502 cum
530 461 697 502 caritate
731 469 1029 502 consummata
1062 460 1178 499 dedit
1223 460 1280 499 eis
1326 467 1581 513 potestatem
1614 457 1722 497 filios

399 532 473 572 Dei
507 532 616 583 fieri3
649 532 742 571 illos
775 541 918 571 autem
951 544 1037 570 non
1072 530 1291 570 constituit
1326 529 1515 569 humana
1554 528 1722 579 eleccio,

401 616 498 643 cum
548 602 792 655 ubicunque
842 611 1047 641 terrarum
1097 600 1268 640 clericus
1319 600 1383 639 vel
1433 600 1578 652 laycus
1628 607 1724 652 post

402 672 692 713 ascensionem
716 671 880 711 edificat
903 671 1121 711 ecclesiam
1144 679 1330 710 sanctam
1355 669 1474 710 cuius
1497 678 1557 709 est
1589 682 1718 709 mem·
1742 678 1758 710 5

106 752 134 778 A
155 759 225 778 man
254 759 324 786 may
351 750 388 777 be
406 745 544 794 brum,
579 742 666 795 ipse
700 751 761 781 est
794 751 882 781 tam
915 741 1068 782 Christi
1115 755 1244 794 quam
1282 740 1390 780 Petri
1434 739 1623 779 vicarius.
1674 739 1726 778 Et

106 786 235 821 reputed
257 785 389 813 Christ's

109 821 290 884 bigicaardffla'i
310 825 389 882 {etis
405 822 485 853 stat
530 813 646 866 quod
692 812 843 865 aliquis
889 811 1202 864 solempnitate,
1246 810 1329 850 ritu
1376 819 1415 850 et
1456 808 1726 863 reputacione

286 878 293 891 ,

107 891 386 962 Οἷιοᾶῗὲἓῗξὼὲεῐ
404 883 590 923 humana
623 883 674 922 sit
706 892 924 935 reputatus
958 882 1113 923 Christi
1145 881 1335 933 vicarius,
1369 894 1465 920 cum
1498 881 1578 920 hoc
1611 880 1726 934 quod

403 953 454 993 sit
497 954 733 993 horrendus
779 953 999 1007 dyabolus,
1060 961 1106 992 ut
1153 966 1240 991 non
1286 960 1347 991 est
1391 950 1630 991 incredibile
1675 951 1725 989 de

403 1023 649 1076 Gregorio
682 1023 752 1063 XI.
793 1032 832 1062 et
865 1022 1010 1062 multis
1045 1022 1080 1061 ei
1114 1021 1334 1062 similibus.
1382 1022 1493 1061 Nam
1525 1021 1557 1060 si
1597 1020 1757 1062 mari-1

399 1093 500 1133 tavit
552 1094 910 1147 Raymundum
963 1101 1164 1146 nepotem
1228 1106 1354 1132 suum
1416 1105 1515 1131 cum
1574 1091 1726 1130 herede

399 1164 613 1204 Bolonie
657 1163 941 1203 mediantibus
999 1161 1172 1202 decimis
1230 1171 1269 1202 et
1326 1161 1445 1202 bonis
1489 1175 1727 1215 pauperum

401 1235 572 1275 ecclesie
615 1234 863 1287 Anglicane,
897 1233 929 1272 si
962 1233 1210 1273 sustentavit
1253 1233 1367 1273 iuxta
1412 1233 1567 1272 fastum
1599 1232 1766 1273 seculi2

402 1306 556 1345 multas
589 1313 814 1358 parentum
847 1318 1024 1344 suorum
1059 1303 1250 1355 familias,
1284 1303 1316 1342 si
1346 1303 1522 1343 redemit
1555 1302 1767 1355 dignamss

403 1376 688 1430 captivitatem
722 1375 856 1415 fratris
889 1374 952 1414 sui
986 1384 1026 1414 et
1060 1373 1201 1414 fecerit
1246 1374 1380 1413 occidi
1416 1374 1551 1413 multa
1596 1372 1726 1412 millia
1748 1381 1784 1413 ιδ

402 1446 626 1487 hominum
674 1446 822 1499 pocius
867 1453 1039 1498 propter
1082 1444 1314 1484 secularem
1358 1453 1556 1497 questum
1598 1457 1727 1496 quam

403 1526 577 1570 propter
622 1517 801 1556 salutem
846 1529 994 1555 eorum
1047 1528 1120 1568 per
1170 1513 1477 1568 patrimonium
1530 1511 1769 1563 crucifixi,4

404 1588 436 1627 si
485 1587 655 1640 insuper
677 1590 700 1613 ÷÷
724 1585 1035 1626 catholicaverit
1067 1585 1185 1638 quod
1218 1584 1455 1624 secundum
1499 1592 1726 1636 potestates
1748 1592 1825 1639 180n

405 1658 587 1698 clavium
641 1670 774 1697 errare
827 1670 912 1695 non
958 1655 1124 1708 poterit,
1171 1668 1245 1694 nec
1290 1654 1470 1693 finaliter
1513 1652 1727 1693 fructuose

405 1727 642 1782 penituerit,
676 1726 768 1779 quis
802 1726 965 1765 dubitat
997 1725 1099 1778 quin
1134 1724 1212 1764 fuit
1245 1733 1474 1777 perpetuus
1508 1723 1727 1772 hereticus,
1746 1743 1787 1765 20

407 1811 629 1851 nunquam
662 1806 788 1849 caput
818 1796 884 1835 vel
917 1795 1161 1835 membrum
1194 1804 1335 1834 sancte
1368 1793 1511 1834 matris
1545 1792 1728 1843 ecclesie,

407 1869 505 1922 quia
529 1868 763 1907 secundum
786 1866 1076 1920 Augustinum
1110 1866 1151 1904 in
1184 1864 1325 1904 libello
1350 1865 1411 1904 De
1444 1865 1600 1903 Decem
1624 1862 1729 1902 Cor-

408 1939 469 1977 dis
501 1938 562 1977 vir
594 1937 772 1977 finaliter
803 1936 982 1976 infidelis
1015 1949 1101 1975 non
1136 1944 1198 1974 est
1231 1944 1356 1987 caput
1379 1933 1566 1974 mulieris
1592 1946 1729 1972 mem-

409 2009 469 2048 bri
494 2004 687 2048 ecclesie?
713 2008 800 2047 Hec
823 2017 967 2047 autem
1000 2019 1087 2045 non
1111 2005 1294 2058 impono
1328 2004 1419 2056 sibi,
1445 2003 1552 2043 sicut
1575 2003 1733 2042 faciunt

410 2078 646 2131 superiores
686 2091 864 2131 persone
898 2076 1082 2127 ecclesie,
1123 2076 1195 2115 sed
1233 2074 1328 2114 dico
1371 2074 1488 2127 quod
1526 2087 1601 2113 nec
1645 2073 1733 2125 ipse
1751 2083 1789 2115 25

411 2163 485 2188 nec
518 2149 637 2188 alius·
657 2157 718 2188 est
751 2147 905 2188 Christi
939 2147 1004 2185 vel
1037 2146 1145 2186 Petri
1169 2145 1345 2184 vicarius
1384 2144 1459 2183 nisi
1493 2143 1734 2196 relinquens

411 2220 679 2258 mundanum
727 2218 856 2257 ritum
901 2218 1087 2257 imitetur
1133 2230 1204 2255 eos
1249 2215 1290 2254 in
1333 2214 1535 2264 moribus,
1587 2223 1626 2252 et
1677 2211 1733 2251 sic

412 2298 491 2328 stat
543 2289 659 2341 quod
712 2297 931 2341 pretensus
984 2288 1205 2326 Romanus
1259 2284 1448 2338 pontifex
1501 2284 1552 2323 sit
1609 2291 1735 2335 caput

412 2359 702 2398 membrorum
726 2357 909 2411 dyaboli,
934 2366 973 2396 et
995 2357 1036 2395 in
1059 2356 1140 2395 hoc
1164 2356 1267 2395 iacet
1287 2354 1522 2407 periculum
1549 2353 1733 2392 humane

413 2429 648 2469 dotacionis
687 2437 901 2481 perpetue,
943 2441 1040 2467 cum
1080 2440 1176 2478 sepe
1215 2425 1436 2464 occasione
1476 2423 1586 2462 illius
1626 2421 1734 2461 cadit
1750 2432 1792 2465 30

414 2498 656 2538 distribucio
698 2498 870 2537 fertilior
908 2498 1121 2536 bonorum
1161 2508 1397 2548 pauperum
1437 2506 1561 2545 super
1598 2505 1732 2531 mem-

414 2570 484 2608 bra
518 2568 685 2608 diaboli.

469 2718 497 2745 6.
519 2718 547 2745 A
568 2717 596 2744 in
619 2724 735 2751 marg.2
756 2716 836 2744 Nota
858 2717 894 2743 de
917 2724 1009 2751 papa.
1127 2722 1165 2742 21.
1187 2715 1231 2742 A:
1254 2722 1327 2741 nuin
1350 2716 1451 2748 caput.
1473 2712 1528 2746 Δρ
1552 2718 1614 2738 non
1635 2715 1736 2745 caput.

417 2773 458 2792 22.
480 2764 552 2792 Ain
575 2771 688 2798 marg:
721 2764 928 2798 Augustinus.
1062 2762 1108 2788 26.
1135 2762 1164 2789 A
1190 2761 1220 2788 in
1243 2768 1356 2794 ωυρμ
1388 2758 1507 2793 Quarta
1528 2756 1622 2785 racio.
1657 2755 1738 2783 Nota

418 2813 484 2848 quis
507 2817 551 2839 est
567 2811 700 2839 vicarius
716 2810 829 2838 Christi
851 2811 896 2837 vel
919 2809 999 2836 Petri
1034 2809 1153 2841 (Above
1169 2807 1237 2834 180ss
1254 2807 1383 2834 without
1400 2805 1487 2832 mark
1503 2803 1537 2831 of
1555 2803 1737 2836 reference).

480 2930 531 2952 22.
559 2921 682 2951 Sermo
710 2917 751 2950 IX
781 2918 830 2949 De
858 2917 987 2948 Decem
1016 2915 1167 2947 Chordis
1194 2914 1286 2956 Opp.
1312 2920 1397 2944 tom.
1424 2913 1465 2953 V,
1492 2922 1568 2954 pag.
1598 2911 1651 2943 50.
