2045 3312
311 241 401 270 CAP.
424 230 491 289 x1.]
820 245 878 275 DE
906 243 1142 276 Eccfflsm.
1845 247 1924 286 247

164 352 445 404 Q163bmodo
490 360 550 391 est
593 351 658 391 lex
698 349 1050 390 communissima
1095 351 1210 403 quod
1244 351 1358 389 Deus
1406 360 1465 389 est
1513 363 1638 403 super

315 421 458 462 omnia
501 421 780 475 appetendam,
835 433 933 460 cum
976 420 1137 459 nedum
1182 433 1359 460 omnem
1404 430 1636 460 creaturam

313 492 566 532 racionalem
610 491 681 530 sed
726 504 900 530 omnem
934 499 1116 529 creatam
1147 490 1435 530 substanciam
1474 505 1639 543 semper

314 562 483 616 obligat.
518 563 626 602 Nam
649 561 763 601 Deus
796 570 857 601 est
892 561 1055 600 bonum
1088 561 1206 614 quod
1239 560 1384 601 omnia
1416 570 1636 614 appetunt,

282 642 354 675 5et
401 633 458 672 sic
502 631 647 671 omnia
678 631 758 671 alia
790 631 989 671 mandata
1021 630 1210 685 decalogi
1245 640 1343 671 sunt
1374 632 1486 684 leges
1520 645 1635 671 com-

315 717 465 744 munes
525 701 743 753 obiective‚
803 715 901 741 cum
953 701 1188 741 necessario
1241 714 1391 742 omnes
1443 701 1638 742 homines

314 773 515 827 obligant.
550 772 682 825 Leges
726 781 870 812 autem
918 785 1171 812 communes
1217 771 1508 825 predicacione
1541 782 1639 812 sunt

314 843 471 896 species
502 842 567 882 vel
598 856 751 896 genera
782 842 927 896 legum
959 855 1040 896 que
1073 841 1114 880 in
1148 841 1234 882 suis
1273 842 1498 882 individuis
1543 853 1640 882 sunt

315 913 502 966 fundata,
548 923 594 954 ut
640 912 838 953 clericum
880 925 1020 952 curare
1055 913 1106 951 de
1151 926 1225 952 sua
1265 912 1375 952 fama
1409 922 1448 953 et
1487 927 1638 966 genera

224 993 298 1025 163⁰
316 983 482 1036 similia,
527 983 614 1023 sive
657 992 828 1036 accepta
873 996 949 1035 pro
982 982 1125 1036 legum
1165 982 1422 1035 privatarum
1446 983 1636 1024 ssmulti-

317 1054 476 1107 tudine,
509 1054 594 1094 sive
617 1067 693 1107 pro
724 1053 1030 1093 universalibus
1064 1052 1309 1106 quiditative
1343 1053 1564 1106 predicatis
1588 1055 1638 1094 de

316 1139 391 1164 sua
424 1124 572 1178 specie.
608 1126 661 1164 Et
694 1123 750 1164 sic
782 1124 858 1163 iste
891 1123 973 1162 due
1005 1122 1212 1162 maneries
1244 1123 1388 1177 legum
1421 1137 1508 1162 non
1542 1134 1639 1164 sunt

317 1196 521 1235 contrarie
554 1194 595 1233 in
630 1207 707 1234 suo
741 1194 936 1247 analogo‚
971 1207 1069 1232 cum
1102 1206 1239 1232 canon
1274 1193 1469 1233 describit
1501 1194 1639 1248 legem

317 1265 530 1319 publicam
553 1278 634 1319 que
657 1278 678 1303 a
701 1264 851 1304 sanctis
883 1263 1068 1316 patribus
1099 1263 1261 1316 scriptis
1285 1272 1345 1303 est
1369 1263 1639 1315 confirmata;

264 1337 433 1391 15quod
466 1346 619 1375 notum
661 1343 723 1374 est
763 1342 1003 1386 competere
1041 1333 1211 1373 cuilibet
1257 1348 1356 1373 vero
1405 1333 1639 1388 privilegio,

316 1408 423 1447 sicut
462 1416 501 1446 et
540 1404 769 1458 descripcio
807 1403 1013 1457 privilegii
1048 1403 1251 1457 competit
1289 1404 1369 1457 legi
1404 1404 1637 1444 communi.

318 1478 439 1518 Unde
472 1476 541 1516 illa
573 1476 638 1515 lex
671 1488 752 1528 que
785 1483 845 1514 est
877 1474 1120 1514 communis
1153 1473 1313 1527 private
1335 1474 1439 1527 parti
1470 1475 1638 1514 ecclesie
1666 1486 1692 1513 A
1714 1485 1771 1512 law
1792 1493 1861 1520 may
1884 1485 1920 1511 be

317 1557 378 1588 est
409 1547 675 1601 privilegium
722 1554 912 1599 respectu
961 1545 1024 1584 sui
1068 1545 1221 1596 tocius,
1267 1553 1313 1584 ut
1356 1545 1420 1584 lex
1459 1558 1540 1598 que
1580 1525 1934 1602 estfwssiiffssiitfiiia‘if

317 1618 558 1659 communis
587 1617 762 1670 singulis
795 1615 986 1669 personis
1019 1615 1102 1655 dati
1135 1614 1378 1654 monasterii
1404 1615 1638 1655 monacho·
1652 1591 1933 1653 viiigtissuxivifdigft

260 1703 301 1724 20
318 1703 412 1729 rum
434 1699 495 1729 est
524 1688 791 1742 privilegium
822 1686 899 1726 toti
931 1685 1092 1737 domui,
1126 1694 1165 1725 et
1197 1685 1365 1725 dotacio
1398 1685 1441 1724 in
1474 1694 1641 1738 tempo-

317 1760 486 1811 ralibus,
531 1758 563 1798 si
604 1767 664 1798 est
696 1758 760 1797 lex
793 1756 1035 1797 communis
1069 1755 1145 1796 toti
1180 1755 1290 1795 clero
1324 1756 1641 1809 possessionato

319 1840 357 1870 et
402 1829 577 1882 singulis
626 1827 813 1881 personis
859 1827 1062 1877 eiusdem,
1108 1835 1208 1866 tunc
1262 1835 1322 1865 est
1374 1825 1643 1879 privilegium

319 1909 510 1953 respectu
556 1911 735 1952 persone
768 1896 864 1937 cleri
898 1897 1054 1947 donne,
1089 1910 1138 1935 eo
1172 1896 1287 1949 quod
1322 1909 1500 1948 persone
1548 1896 1643 1935 cleri

321 1968 645 2023 exproprietarie
702 1967 857 2007 viventi
923 1980 1009 2006 non
1063 1966 1260 2006 convenit
1318 1966 1389 2005 sed
1448 1966 1644 2019 privatim

265 2044 500 2093 25persone
533 2038 673 2092 priori.
729 2038 842 2078 Cum
874 2050 973 2091 ergo
1006 2036 1119 2076 iuxta
1152 2037 1367 2076 decretum
1400 2036 1539 2075 omnis
1578 2036 1642 2075 lex

322 2111 480 2164 privata
527 2124 550 2149 3
597 2109 743 2162 spiritu
788 2116 933 2147 sancto
979 2106 1230 2157 inscribitur,
1264 2105 1538 2146 manifestum
1585 2116 1644 2145 est

322 2182 438 2235 quod
482 2180 620 2220 omnis
667 2180 732 2219 lex
776 2178 938 2232 privata
983 2190 1181 2216 concessa
1213 2186 1274 2216 est
1306 2190 1328 2215 a
1362 2176 1549 2229 principe
1594 2177 1645 2215 ad

322 2252 548 2292 utilitatem
592 2249 763 2289 ecclesie
801 2248 867 2287 vel
906 2260 1098 2300 persone,
1134 2260 1183 2286 eo
1216 2247 1333 2300 quod
1367 2260 1495 2299 opera
1528 2246 1644 2285 trini-

323 2322 417 2362 tatis
450 2329 548 2361 sunt
580 2319 758 2359 indivisa
781 2319 833 2357 ad
867 2327 991 2357 extra.
1022 2318 1135 2356 Deus
1164 2327 1307 2356 autern
1338 2317 1467 2356 nescit
1497 2317 1646 2356 docere

294 2392 390 2432 1vel
412 2392 507 2430 dare
531 2390 609 2429 nisi
633 2389 763 2440 utilia,
788 2397 827 2428 et
851 2388 907 2427 sic
931 2387 1070 2426 omnis
1096 2387 1161 2426 lex
1185 2395 1319 2426 creata
1346 2386 1563 2426 individua
1587 2396 1647 2426 est

326 2461 605 2515 privilegium.
640 2461 693 2499 Et
725 2468 838 2513 patet
861 2458 1082 2512 quomodo
1116 2458 1383 2511 loquendum
1418 2466 1479 2497 est
1508 2457 1645 2509 logice

327 2533 376 2571 de
400 2531 638 2585 privilegiiS‚
663 2531 824 2569 detecta
847 2527 1174 2582 equivocacione
1197 2527 1377 2578 termini,
1396 2536 1441 2567 ut
1464 2536 1644 2579 oportet.

221 2605 259 2638 R
285 2604 310 2637 2
384 2602 451 2641 Ad
484 2601 713 2640 secundam
742 2598 991 2638 instanciam
1019 2606 1195 2650 negatur
1222 2606 1506 2651 assumptum,
1546 2611 1644 2636 cum

330 2672 524 2712 Christus
557 2671 670 2710 dedit
703 2669 873 2709 ecclesie
906 2668 1059 2721 duplex
1091 2681 1224 2721 genus
1257 2667 1475 2721 privilegii,
1516 2668 1648 2720 quod-

381 2855 410 2877 4-
443 2845 480 2871 B:
510 2845 592 2871 Deus
615 2845 743 2871 bonum.
888 2851 916 2878 9.
947 2842 974 2868 A
1004 2842 1064 2875 Al:
1095 2841 1240 2869 clericum
1271 2847 1385 2866 creare.
1537 2847 1577 2872 ιι).
1609 2837 1649 2864 B:

331 2891 392 2919 dati
412 2907 443 2911 ——
465 2891 608 2927 personis
633 2890 729 2919 deest.
