2045 3312
147 288 222 328 170

144 1800 282 1834 l‘rimacy
299 1799 323 1825 is
339 1804 368 1826 ιο
385 1799 421 1825 be

163 1835 285 1862 desircd
307 1834 334 1861 iu
365 1834 407 1861 la-

866 282 1092 314 JOHANNis
1121 282 1316 313 WYCMF.
1554 265 1659 324 [cAp.
1676 277 1751 304 vm.

429 392 529 438 Quo
563 402 764 428 concesso
798 388 1003 427 concessit
1037 388 1094 426 eis
1128 385 1392 439 privilegium
1427 394 1752 438 consequenter:
1775 394 1906 427 152¹'K

433 459 633 510 Calicem,
667 458 817 511 inquit,
854 471 991 497 meum
1017 457 1177 508 bibetis,
1210 455 1362 496 sedere
1394 462 1535 495 autem
1559 456 1617 494 ad
1649 455 1752 494 dex-

427 536 565 569 teram
602 542 740 569 meam
767 530 834 568 vel
864 529 1087 568 sinistram
1123 541 1206 566 non
1241 534 1303 567 est
1326 540 1464 566 meum
1490 526 1595 566 dare
1617 525 1751 573 vobis,

428 600 502 639 sed
532 600 684 652 quibus
713 605 919 651 paratum
953 604 1014 638 est
1047 611 1072 636 a
1097 604 1228 650 patre
1261 610 1366 637 me0.

487 671 622 723 Super
654 684 740 723 quo
765 669 1066 719 Crisostomus,
1100 668 1267 707 Omelia
1300 668 1477 707 XXXVO
1511 666 1661 718 Operis
1689 666 1809 705 lii-M

430 740 613 793 perfecti,
639 749 756 779 notat
779 739 916 792 primo
937 740 1053 792 quod
1070 738 1263 778 diabolus
1287 737 1358 791 qui
1383 737 1546 776 seduxit
1569 735 1796 788 primuma

430 811 566 850 virum
611 825 684 863 per
729 809 931 848 feminam
976 809 1111 848 movit
1144 818 1189 848 ut
1227 808 1324 847 dicti
1367 806 1548 860 apostoli
1583 807 1753 845 seduce-

430 890 572 920 rentur
605 895 677 934 per
706 880 920 920 feminam.
956 880 1083 918 Notat
1106 878 1293 918 secundo
1317 877 1539 931 quomodo
1564 876 1796 916 Christusb

431 952 611 1005 dirigens
644 964 884 990 sermonem
917 951 969 989 ad
1002 949 1096 988 illos
1129 948 1361 1001 discipulos
1395 949 1517 987 docet
1549 947 1666 1000 quod
1700 946 1754 985 illi

432 1037 478 1062 ex
513 1036 607 1061 ceca
641 1021 966 1074 presumpcione
999 1028 1125 1073 atque
1159 1019 1336 1072 superba
1360 1018 1591 1071 primatum
1615 1018 1819 1070 culpa-10

432 1092 569 1131 biliter
614 1091 844 1144 pecierunt,
892 1090 1008 1130 aliter
1056 1090 1168 1129 enim
1214 1103 1300 1129 non
1358 1088 1574 1128 direxisset
1618 1087 1757 1127 omni-

432 1163 564 1203 sciens
580 1161 889 1215 increpativum
905 1174 1145 1200 sermonem
1162 1160 1214 1200 ad
1231 1159 1325 1198 illos
1341 1158 1571 1211 discipulos
1590 1157 1761 1197 dimissa

432 1233 588 1273 femina
610 1240 882 1285 procurante:
918 1231 1119 1279 Nescitis,
1148 1229 1299 1283 inquit,
1334 1228 1438 1282 quid
1454 1228 1626 1280 petatis.
1661 1228 1759 1266 Ideo

433 1303 532 1344 dicit
585 1303 912 1343 Cristostomus:
972 1301 1008 1341 O
1059 1314 1188 1340 error
1239 1299 1447 1340 salutaris
1501 1300 1573 1351 qui
1622 1299 1758 1337 tocius

433 1373 581 1414 mundi
632 1374 757 1413 solvit
808 1384 1016 1412 errorem.
1072 1370 1117 1411 Si
1169 1371 1278 1410 enim
1333 1370 1518 1422 apostoli
1563 1382 1647 1408 non
1697 1369 1813 1408 sic15

433 1450 666 1494 errassent,
701 1443 814 1482 unde
848 1455 924 1481 nos
956 1453 1220 1495 cognoscere
1242 1447 1500 1493 poteramus
1530 1438 1641 1492 quod
1674 1451 1756 1478 non

433 1527 558 1554 omne
603 1513 718 1567 quod
767 1512 934 1552 videtur
984 1512 1139 1551 bonum
1174 1510 1426 1550 desiderare
1470 1509 1625 1549 honum
1660 1509 1760 1549 est?

438 1586 544 1624 Cum
570 1584 682 1624 enim
707 1585 869 1623 scimus
892 1581 1005 1635 quod
1027 1581 1150 1621 aliud
1172 1588 1233 1621 est
1256 1594 1364 1633 opus
1388 1580 1543 1619 bonum
1570 1586 1607 1619 et
1639 1579 1760 1618 aliud

429 1658 649 1708 primatus
680 1655 867 1694 lzonoris.
901 1653 957 1692 Et
987 1666 1095 1706 opus
1128 1652 1298 1704 quidem
1323 1651 1478 1690 bonum
1510 1650 1759 1690 desiderare

436 1727 588 1765 bonnm
622 1731 697 1775 est,
727 1724 963 1775 primatum
997 1729 1139 1762 autem
1175 1722 1349 1761 honoris
1383 1723 1553 1761 vanitas
1586 1727 1658 1759 est.
1776 1735 1817 1756 20

494 1794 646 1834 Tercio
678 1794 918 1834 notandum
950 1793 1066 1846 quod
1099 1792 1184 1831 sive
1216 1791 1398 1845 apostoli
1432 1805 1566 1830 errore
1599 1790 1796 1830 seductio

175 1871 264 1904 bour,
287 1869 388 1896 notin
435 1865 653 1919 pecierunt
686 1864 915 1917 primatum
949 1863 992 1902 in
1024 1876 1155 1915 regno
1178 1861 1400 1914 temporali
1438 1860 1523 1900 sive
1556 1861 1597 1899 in
1631 1874 1760 1914 regno

218 1904 349 1932 honour.

435 1936 637 1986 celorum,
661 1934 766 1974 sicut
780 1934 944 1973 videtur
966 1947 1014 1972 ex
1027 1941 1141 1972 textu
1158 1931 1364 1983 convinci,
1380 1931 1505 1971 stulta
1521 1930 1598 1970 fuit
1613 1944 1761 1970 eorum

436 2005 605 2059 peticio,
645 2019 743 2045 cum
775 2005 1010 2044 debuerunt
1050 2004 1236 2043 laborem
1273 2001 1509 2042 certaminis
1549 2000 1763 2040 humiliter

436 2076 644 2130 petivisse,
689 2084 729 2114 et
775 2075 827 2113 ad
870 2074 950 2114 hoc
996 2074 1082 2112 sine
1127 2073 1327 2113 iactancia
1371 2071 1574 2125 primatus
1626 2071 1817 2110 houm-25

437 2145 708 2186 beatitudinis
741 2153 909 2185 secutus
942 2143 1106 2195 fuisset,
1139 2143 1279 2182 honor
1311 2142 1423 2181 enim
1461 2140 1693 2194 fugientem
1722 2153 1763 2179 se

437 2216 625 2270 sequitur
647 2226 685 2255 et
707 2214 860 2267 refugit
883 2213 1159 2254 affectantem.
1185 2213 1308 2253 Unde
1331 2211 1430 2251 dicit
1454 2210 1760 2251 Crisostomus:

437 2286 716 2326 Desidet-ium
756 2286 974 2337 primatus
1017 2298 1070 2324 ex
1114 2285 1329 2324 iactancia
1364 2283 1558 2322 nascitur
1600 2280 1766 2329 cordis,·

439 2358 523 2410 qui,
558 2356 707 2409 inquit,
741 2355 915 2395 humilis
948 2362 1010 2394 est
1041 2354 1332 2407 indigniorem
1367 2365 1411 2392 se
1443 2353 1541 2392 aliis
1574 2351 1763 2390 arbitra-

490 2489 510 2508 ι,
534 2480 572 2507 B:
595 2479 749 2508 consessit
771 2479 830 2507 iilis
853 2478 1048 2514 privilegium
1071 2478 1111 2506 in.
1233 2478 1258 2506 5.
1279 2478 1306 2505 Α
1329 2477 1355 2504 in
1374 2485 1487 2511 marg:
1511 2476 1761 2504 chrisostomus.

437 2529 477 2556 M.
501 2527 600 2555 Litera
622 2527 655 2553 L.
678 2526 764 2554 deest
784 2526 813 2553 in
835 2526 903 2554 cod.
926 2526 967 2552 ib.
988 2526 1020 2552 In
1042 2525 1135 2553 codd.
1157 2524 1278 2552 Omelia
1293 2523 1434 2551 XXVIII.
1580 2532 1608 2559 9.
1632 2522 1672 2549 13:
1694 2522 1762 2549 illos

438 2576 533 2602 deest.
639 2581 680 2600 10.
703 2573 837 2608 superba
867 2572 934 2600 scil.
956 2571 1210 2607 presumpcione.
1322 2571 1362 2598 ω’.
1388 2570 1419 2597 In
1441 2569 1548 2597 codd*
1579 2569 1759 2604 poterimus.

438 2620 526 2648 Corr.
548 2628 584 2647 cx
604 2620 665 2654 Op.
687 2619 812 2654 Imperf.
835 2620 853 2646 1.
875 2627 900 2646 e.
1046 2627 1085 2653 ις.
1113 2617 1146 2644 In
1168 2617 1277 2644 codd.:
1306 2625 1399 2644 omne
1427 2617 1555 2643 bonum.
1590 2614 1718 2642 Corrcxi
1745 2622 1759 2641 e

435 2672 518 2695 textu
534 2666 647 2703 Operis
663 2667 740 2701 imp.
851 2675 893 2702 ¹0·
915 2667 946 2693 In
963 2666 1070 2693 codd.:
1094 2666 1128 2693 Et
1148 2674 1223 2701 opus
1235 2665 1360 2701 quidem
1377 2663 1553 2692 desiderare
1569 2663 1689 2689 bonum
1707 2666 1762 2688 est.

438 2714 566 2743 Correxi
583 2723 598 2741 e
618 2718 700 2741 textu
721 2713 834 2749 Operis
855 2712 1041 2749 imperfecti.
1057 2714 1074 2740 1,
1092 2720 1118 2739 e.
1229 2719 1272 2747 27.
1295 2711 1367 2739 Ain
1392 2718 1506 2745 marg:
1530 2708 1749 2736 Crisostomus

498 2799 526 2830 5.
555 2799 656 2841 Opus
684 2797 821 2840 Impers.
859 2798 892 2828 in
919 2798 1132 2829 Matthaeum
1161 2798 1265 2828 Hom.
1292 2795 1427 2834 XXXV,
1463 2794 1483 2824 l.
1512 2803 1552 2833 c.,
1587 2794 1687 2826 CLII.
1722 2793 1760 2824 Ε.

439 2858 490 2889 cf.
511 2855 671 2888 Richardi
692 2855 914 2895 Armachani,
944 2856 1108 2887 Defensio
1129 2862 1341 2893 curatorum,
1370 2852 1529 2892 Goldast,
1558 2850 1759 2883 Monarchia

437 2924 523 2947 loni.
553 2916 591 2955 ΙΙ,
618 2925 696 2957 pars
722 2915 760 2952 ΙΙ,
789 2925 864 2956 pag.
899 2914 993 2954 1403.
