2045 3312
137 312 221 364 408

142 1206 231 1234 Faitli
253 1205 278 1233 is
300 1205 350 1232 tlic
373 1209 419 1231 act

144 1241 179 1269 of
199 1240 362 1275 believing‚
385 1246 420 1266 or

145 1276 194 1304 the
229 1274 419 1310 disposition

191 1316 221 1339 to
244 1311 371 1338 believe.

173 2326 278 2354 Three
299 2333 409 2352 senses

200 2361 234 2388 of
253 2360 397 2388 Cliurcli:

168 2398 202 2429 cz)
221 2396 258 2423 all
281 2395 351 2421 who
375 2402 425 2422 arc

212 2430 382 2466 nominally

204 2465 390 2501 Christians‚

865 314 1091 348 JOHANNIS
1118 313 1315 347 wvcmr.
1530 299 1636 358 [CAP.
1656 309 1750 338 xvn.

431 438 561 466 unam
583 432 743 477 partem
768 421 1092 477 quantitativum
1125 419 1383 459 uniformem
1416 419 1556 473 quoad
1590 419 1751 458 subiec—
1772 427 1848 462 185⁵
1869 429 1905 462 N

430 505 523 536 tum
556 503 595 534 et
626 503 809 546 tempuS,
830 493 900 532 sed
924 491 1049 530 aliam
1072 500 1235 544 partem
1259 490 1583 543 quantitativam
1606 490 1753 530 utrim-

432 578 513 619 que
559 563 808 603 difformem.
864 562 909 601 In
954 560 1086 614 patria
1131 569 1274 600 autem
1319 569 1417 600 sunt
1462 559 1614 614 singuli
1659 559 1754 599 fidei

432 634 669 685 uniformis,
705 647 802 673 cum
835 631 889 671 ibi
924 630 1192 671 evacuabitur
1226 629 1532 683 imperfectum.
1568 630 1609 669 Si
1643 629 1755 669 enim

433 705 616 745 eundem
650 703 843 742 habitum
882 701 978 740 fidei
1011 701 1053 739 in
1087 714 1267 740 numero
1302 700 1480 739 omnino
1514 699 1789 753 simpliciter5

432 775 557 815 habet
590 774 768 827 quilibet
801 772 1066 823 christianus,
1113 771 1302 824 sequitur
1341 771 1456 824 quod
1490 770 1557 810 ille
1590 770 1756 810 habitus

433 859 539 899 eque
579 844 760 898 perfecte
800 842 1093 882 denominaret
1135 841 1375 881 subiectum
1419 855 1546 881 suum
1593 841 1757 880 credere

434 925 479 956 ut
511 915 616 955 alius
649 913 907 967 quicunque.
963 911 1114 951 Omnis
1148 911 1261 950 enim
1300 911 1478 965 qualitas
1513 910 1758 950 denominat

433 986 672 1026 subiectum
729 997 855 1023 suum
911 981 1099 1035 primum
1151 982 1381 1021 secundum
1431 981 1495 1022 sui
1543 980 1757 1032 ultimum,

434 1055 532 1110 quia
568 1053 751 1094 variacio
792 1052 1085 1106 disposicionis
1130 1048 1351 1091 variaretss
1373 1052 1552 1105 gradum
1590 1050 1757 1090 habitus
1779 1060 1855 1092 ι85ε

435 1135 473 1166 et
506 1125 562 1164 sic
597 1125 739 1177 ipsum
772 1123 976 1163 habitum.

492 1195 546 1235 Et
579 1194 655 1233 ista
688 1202 749 1234 est
789 1193 1003 1233 sentencia
1026 1192 1269 1245 Augustini,
1304 1205 1392 1230 non
1426 1192 1540 1245 quod
1572 1191 1685 1230 idem
1719 1190 1760 1229 in

435 1278 614 1305 numero
653 1263 809 1304 scilicet
853 1272 969 1302 actus
1007 1262 1073 1302 vel
1112 1262 1280 1302 habitus
1314 1261 1409 1301 fidei
1449 1262 1499 1301 sit
1532 1260 1761 1300 formaliter

437 1337 476 1376 in
524 1334 694 1374 diversis
739 1333 943 1387 personis,
979 1332 1076 1386 quia
1110 1342 1209 1372 tunc
1253 1331 1437 1386 quelibet
1468 1331 1635 1371 illarum
1667 1343 1758 1384 per—

437 1419 640 1446 sonarum
674 1404 780 1444 foret
808 1402 911 1442 fides
936 1403 1132 1456 quelibet.
1167 1403 1290 1442 Fides
1323 1402 1437 1441 enim
1470 1415 1555 1441 non
1590 1410 1651 1440 est
1684 1400 1760 1440 nisi
1782 1411 1819 1443 15

438 1489 665 1530 personam
700 1474 866 1513 credere
898 1473 963 1512 vel
986 1472 1153 1526 disponi
1177 1472 1229 1511 ad
1252 1473 1522 1512 credendum.
1557 1471 1638 1511 Sed
1661 1469 1762 1509 fides

441 1561 522 1601 que
540 1545 720 1586 creditur
734 1553 794 1584 est
811 1543 960 1583 veritas
975 1557 998 1582 a
1017 1542 1279 1582 credentibus
1296 1542 1441 1582 aliena.
1467 1542 1519 1581 Et
1539 1541 1596 1580 sic
1612 1554 1761 1594 quam—

439 1617 500 1656 vis
525 1615 704 1655 infidelis
728 1614 859 1654 eciam
884 1613 1089 1667 dyabolus
1113 1613 1251 1652 credat
1268 1612 1485 1651 veritatem
1504 1611 1599 1650 fidei
1623 1609 1762 1650 catho-

439 1687 529 1738 lice,
578 1694 902 1737 verumptamen
938 1683 1174 1722 secundum
1215 1692 1377 1735 partem
1411 1691 1470 1721 est
1502 1680 1680 1720 infidelis
1726 1688 1765 1719 et

441 1757 611 1798 racione
643 1754 831 1795 mortalis
864 1754 989 1793 habet
1020 1752 1149 1793 fidem
1183 1761 1426 1805 corruptam
1459 1761 1499 1791 et
1521 1751 1762 1790 informem.
1781 1772 1824 1794 20

443 1829 528 1868 Nec
552 1826 674 1867 refert
700 1825 841 1879 quoad
864 1823 980 1863 illam
1002 1822 1318 1873 informitatem,
1337 1822 1422 1861 sive
1439 1820 1540 1860 fides
1562 1819 1765 1873 acquisita

443 1897 566 1938 fuerit
596 1896 680 1936 sive
702 1894 852 1945 infusa,
882 1903 927 1934 ut
949 1893 1140 1947 loquitur
1164 1892 1380 1932 decretalis
1414 1891 1455 1930 in
1490 1889 1767 1931 Clementinis

443 1970 504 2008 De
521 1969 698 2008 Summa
709 1965 915 2006 Trinitate
933 1973 971 2004 et
987 1963 1087 2003 Fide
1101 1962 1334 2010 catholica,
1353 1961 1536 2015 capitulo
1547 1960 1766 2010 Firmiter,

445 2039 586 2078 dicens
626 2037 743 2090 quod
778 2034 1020 2089 regulariter
1054 2033 1156 2073 fides
1190 2032 1427 2072 infunditur
1458 2032 1501 2070 in
1536 2030 1767 2084 baptismo,

446 2109 560 2163 quod
595 2121 673 2160 ego
714 2107 836 2146 credo
876 2106 926 2144 de
960 2104 1076 2144 omni
1117 2103 1400 2157 predestinato
1432 2102 1506 2142 rite
1542 2101 1825 2154 baptizato.25

504 2179 557 2218 Et
591 2178 621 2217 si
656 2186 855 2231 queratur
888 2175 1062 2229 quando
1111 2173 1354 2226 regulariter
1396 2172 1540 2212 incidit
1588 2171 1681 2224 quis
1726 2170 1816 2217 ino

448 2248 739 2289 infidelitatem
772 2255 811 2286 et
843 2246 1016 2299 quando
1051 2253 1239 2284 remanet
1278 2242 1410 2282 fidelis
1444 2242 1552 2282 filius
1585 2240 1768 2291 ecclesie,

448 2319 599 2359 dicitur
643 2318 760 2371 quod
799 2316 1014 2370 tripliciter
1058 2315 1211 2354 dicitur
1251 2314 1344 2368 quis
1379 2327 1466 2352 esse
1500 2313 1550 2352 de
1583 2310 1768 2362 ecclesia,

450 2389 556 2429 sicut
588 2387 805 2440 tripliciter
851 2386 1002 2426 dicitur
1041 2398 1126 2425 esse
1167 2383 1339 2423 ecclesia
1377 2392 1513 2436 preter
1550 2381 1769 2422 ecclesiam

451 2457 795 2510 nuncupativam.
848 2456 1003 2510 Aliqua
1048 2454 1158 2494 enim
1200 2463 1260 2494 est
1294 2452 1546 2492 convocacio
1580 2451 1800 2496 fidelium1

452 2528 685 2568 secundum
734 2526 835 2580 quid
878 2526 943 2565 vel
988 2526 1040 2565 ad
1078 2534 1249 2577 tempus
1286 2523 1351 2563 vel
1390 2522 1501 2562 nude
1538 2522 1772 2561 secundum

507 2651 545 2680 13.
567 2652 588 2679 B
611 2652 640 2679 in
663 2659 779 2686 marg.:
810 2650 901 2678 Nota.
924 2652 952 2678 A
974 2649 995 2677 B
1017 2650 1047 2677 in
1069 2657 1185 2684 marg.:
1207 2648 1291 2683 Quid
1313 2652 1357 2675 est
1377 2646 1462 2674 fides.
1608 2645 1646 2673 15.
1668 2646 1695 2673 A
1717 2646 1773 2681 A1:

453 2699 533 2728 foret
562 2698 706 2735 quelibet.
851 2697 896 2725 26.
925 2699 951 2724 A
980 2697 1009 2724 in
1035 2703 1152 2731 marg.:
1183 2694 1325 2730 Questio.
1469 2700 1515 2728 ²9·
1548 2692 1569 2719 B
1600 2693 1628 2719 in
1658 2699 1773 2727 marg.:

456 2746 594 2773 Solucio.
615 2746 643 2772 A
657 2744 678 2771 B
695 2746 725 2772 in
743 2752 859 2779 marga
881 2744 962 2771 Nota
984 2743 1066 2779 quod
1090 2742 1249 2777 tripliciter
1269 2741 1380 2769 dicitur
1401 2740 1470 2775 quis
1492 2739 1529 2767 de
1549 2739 1679 2766 ecclesia
1695 2739 1776 2766 sicut

459 2793 622 2828 tripliciter
643 2791 757 2819 dicitur
778 2792 835 2825 (A2
857 2791 989 2825 capitur)
1010 2789 1146 2817 ecclesia.

519 2899 570 2930 24.
587 2888 655 2920 Not
670 2887 703 2920 in
721 2886 959 2926 Clementinis„
979 2886 1040 2918 but
1056 2886 1088 2917 in
1104 2886 1203 2917 Decr.
1220 2885 1322 2925 Greg.
1339 2884 1393 2924 IX,
1409 2882 1466 2916 lib.
1484 2883 1508 2923 l,
1525 2882 1574 2914 tit.
1603 2883 1625 2923 1,
1652 2892 1726 2925 cap.
1753 2882 1776 2914 1.

458 2948 511 2980 31.
538 2946 589 2979 Cf.
620 2944 790 2978 Johannis
817 2945 958 2988 Wyclif,
989 2946 1036 2976 Ue
1065 2944 1167 2976 Civili
1195 2942 1359 2975 Dominio
1387 2952 1465 2984 pag.
1494 2939 1568 2973 288.
