2045 3312
293 255 382 284 CAP.
404 243 530 302 xxiii]
804 257 864 289 DE
891 256 1126 289 ECCLEstA.
1819 247 1898 299 573

132 384 168 416 N
190 363 527 416 2052801‘1]pnlala
562 371 608 401 ut
642 362 826 415 populus
867 362 1021 401 habeat
1062 361 1263 400 continue
1303 360 1464 413 aliquid
1499 361 1607 400 redi-

285 433 503 473 mendum.
538 431 699 472 Contra
734 432 846 471 istud
887 432 1095 485 queritur,
1141 431 1281 483 primo
1321 441 1466 470 utrum
1500 444 1609 484 papa

285 513 427 556 potest
475 503 525 542 de
558 502 822 555 plenitudine
868 502 1091 554 potestatis
1127 515 1201 541 sue
1236 515 1314 554 pro
1351 514 1609 555 quocunque

285 587 412 626 opere
446 586 554 626 eque
587 571 809 612 meritorio
843 572 884 611 in
918 585 1099 624 persona
1139 571 1323 611 habente
1358 580 1523 611 tantum
1559 571 1609 610 de

250 653 266 686 5
285 644 406 696 culpa
432 653 471 683 et
495 657 601 698 eque
622 643 763 696 capaci
786 641 907 682 venie
930 651 1094 682 tantum
1119 651 1346 695 peccatum
1371 639 1610 682 remittere?

285 714 327 752 Si
350 722 505 767 potest,
530 727 644 767 pono
667 713 783 767 quod
807 713 1009 753 concedat
1032 712 1272 766 cuicunque
1298 725 1394 751 vere
1416 711 1610 751 confesso

284 792 323 822 et
364 784 548 823 contrito
595 783 763 822 facienti
810 783 1088 823 elemosinam
1129 791 1176 822 ut
1216 792 1416 836 quatuor,
1465 782 1610 821 remis-

285 854 447 893 sionem
481 854 643 906 peccati
677 862 725 892 ut
758 862 956 906 quatuor,
1002 863 1040 893 et
1076 853 1390 905 indulgenciam
1426 862 1472 892 ut
1506 866 1610 905 qua-

286 933 398 974 tuor,
446 933 485 962 et
525 937 639 976 pono
680 923 854 977 insuper
901 923 1017 976 quod
1063 923 1244 976 quilibet
1289 932 1488 975 peccator
1527 923 1610 961 iarn

231 993 507 1037 10militantis
550 994 722 1033 ecclesie
769 994 1023 1046 multiplicet
1070 994 1338 1045 elemosinas,
1384 1006 1610 1046 quousque

189 1073 269 1108 2013b
286 1074 425 1104 totum
449 1073 672 1117 peccatum
698 1077 823 1103 suum
849 1064 902 1103 sit
927 1064 1149 1103 dimissum
1177 1073 1217 1103 et
1240 1078 1347 1117 pena
1373 1064 1563 1114 remissa,
1589 1064 1612 1086 ³²?

287 1135 396 1173 sicut
444 1133 619 1173 faciliter
665 1133 745 1172 hoc
786 1134 985 1173 ordinato
1031 1144 1174 1186 posset
1219 1134 1481 1186 contingere.
1536 1134 1610 1173 Illo

286 1218 386 1257 ergo
420 1213 583 1243 statuto
616 1217 694 1256 pro
727 1204 818 1256 lege
851 1213 1058 1257 perpetua
1100 1204 1279 1243 faciliter
1312 1204 1610 1244 excluderetur

287 1274 497 1328 dyabolus
521 1288 542 1313 a
569 1274 800 1327 punicione
825 1275 1050 1314 hominum
1074 1274 1116 1314 in
1140 1274 1308 1315 inferno
1334 1285 1373 1315 et
1390 1275 1611 1315 tolleretur

234 1345 424 1389 15omnis
448 1345 623 1397 punicio
647 1345 688 1384 in
714 1345 979 1397 purgatorio,
1015 1355 1055 1385 et
1078 1359 1151 1397 per
1181 1345 1294 1384 idem
1328 1345 1612 1385 liberarentur

285 1428 359 1467 per
404 1415 507 1454 tales
556 1415 849 1467 indulgencias
891 1416 1050 1455 mortui
1090 1416 1231 1468 puniti
1272 1416 1337 1454 vel
1377 1416 1418 1455 in
1459 1430 1611 1469 purga-

286 1485 395 1524 torio
429 1486 494 1524 vel
526 1485 707 1525 inferno.

238 1572 270 1605 0
345 1555 388 1594 Si
433 1556 597 1595 dicatur
635 1556 750 1608 quod
793 1570 901 1608 papa
942 1570 1025 1595 non
1068 1565 1208 1608 potest
1248 1566 1434 1596 statuere
1480 1557 1604 1596 talem
1658 1563 1706 1591 Το
1728 1572 1783 1601 say
1803 1564 1868 1591 that

286 1625 437 1678 legem,
470 1627 557 1677 *sed
604 1636 776 1679 oportet
821 1626 961 1678 ipsum
1008 1627 1393 1680 proporcionaliter
1439 1640 1606 1679 semper
1640 1599 1880 1670 ἓῖῗιετῐεὲῗέἒέἓη

245 1696 514 1747 aremittere,
549 1696 718 1736 videtur
752 1696 890 1749 primo
925 1697 1040 1750 quod
1075 1697 1156 1737 hoc
1191 1697 1367 1749 derogat
1400 1670 1895 1767 potestatigerggtzrsuiiqm

286 1766 440 1819 divine⁷
485 1765 600 1818 quod
636 1766 749 1805 Deus
789 1767 982 1818 personis
1022 1779 1128 1819 eque
1168 1767 1305 1819 dignis
1347 1781 1429 1806 non
1465 1777 1606 1820 potest
1639 1747 1667 1766 m
1699 1748 1901 1776 ivmepouer.

286 1845 449 1876 tantam
496 1836 736 1875 mercedem
782 1837 967 1876 tribuere
1007 1850 1083 1889 pro
1125 1837 1286 1876 meritis
1326 1838 1514 1889 paribus,
1562 1847 1609 1877 ut

286 1907 412 1946 Petro
456 1906 627 1946 habenti
673 1915 895 1958 peccatum
940 1916 987 1946 ut
1034 1916 1130 1946 octo
1170 1907 1212 1946 in
1251 1908 1501 1960 purgatorio
1548 1909 1610 1948 vel

286 1977 452 2016 inferno
492 1986 633 2029 potest
679 1978 780 2016 dare
827 1977 1122 2017 remissionem
1170 1991 1277 2030 pene
1324 1988 1364 2018 et
1404 1979 1526 2031 culpe
1567 1988 1611 2018 ut

232 2060 270 2093 25
289 2056 475 2100 quatuor
523 2061 600 2099 pro
641 2048 873 2087 elemosina
906 2048 1081 2087 viatoris
1117 2048 1255 2087 dantis
1291 2063 1367 2101 pro
1402 2062 1450 2088 eo
1485 2049 1609 2088 dena-

291 2117 417 2158 rium.
452 2118 586 2157 Paulo
607 2127 749 2157 autem
773 2118 829 2157 ibi
854 2119 1028 2158 detento
1056 2132 1134 2171 pro
1156 2128 1331 2171 peccato
1356 2130 1401 2158 ut
1425 2129 1612 2172 quatuor

290 2201 374 2226 non
408 2197 551 2239 posset
585 2189 684 2227 dare
718 2202 815 2227 cum
850 2188 930 2228 illis
965 2189 1139 2241 paribus
1174 2189 1468 2228 remissionem
1505 2203 1611 2242 pene

290 2267 328 2297 et
365 2258 485 2310 culpe
516 2267 563 2297 ut
595 2268 782 2311 quatuor
808 2272 884 2311 pro
914 2268 1031 2298 tanta
1065 2259 1294 2298 elemosina
1328 2260 1368 2298 in
1403 2260 1469 2298 via
1502 2259 1611 2299 facta

290 2340 367 2380 pro
407 2328 513 2380 ipso,
548 2329 646 2381 quia
681 2338 781 2368 tunc
815 2339 958 2381 posset
991 2330 1106 2368 Deus
1142 2330 1459 2369 communicare
1492 2339 1610 2382 pote-

232 2405 443 2442 3ostatem
483 2399 609 2438 talem
650 2399 739 2438 eius
775 2400 947 2451 vicario,
998 2409 1044 2439 ut
1089 2400 1266 2439 omnino
1311 2401 1550 2440 absolveret
1590 2414 1611 2439 a

291 2481 399 2519 pena
434 2478 473 2507 et
498 2469 620 2522 culpa
654 2479 742 2509 tam
778 2470 895 2509 vivos
931 2484 1059 2523 quam
1095 2480 1302 2510 mortuos.
1338 2470 1420 2510 Sed
1445 2480 1612 2511 constat

291 2538 406 2590 quod
442 2539 629 2590 primum
670 2550 941 2592 assumptum
981 2540 1100 2592 sequi
1135 2554 1183 2580 ex
1217 2541 1419 2593 opinione
1455 2542 1611 2580 claudit

247 2608 703 2659 bcontradiccionem;
750 2611 940 2648 secundo
986 2610 1153 2649 videtur
1191 2610 1316 2649 istam
1350 2612 1610 2650 sentenciam

292 2678 495 2730 derogare
540 2680 741 2731 potestati
787 2680 943 2732 papali,
990 2680 1102 2733 quia,
1138 2681 1169 2719 si
1205 2681 1269 2720 lex
1308 2681 1410 2732 ligat
1455 2694 1610 2734 papam

345 2857 365 2876 1.
387 2851 430 2877 A:
453 2850 594 2877 habeant.
702 2858 725 2877 2.
759 2852 788 2878 A
817 2852 846 2878 in
880 2860 997 2887 marg:
1032 2853 1174 2887 Questio.
1331 2852 1371 2879 18.
1393 2854 1420 2879 A
1442 2852 1471 2879 in
1494 2860 1609 2887 marga

292 2895 464 2931 Responsio
486 2898 629 2931 quedam.
