2045 3312
286 268 373 298 CAP.
389 257 503 315 xm]
795 270 853 302 DE
879 268 1114 302 Eccrsssm.
1802 255 1878 305 545

117 390 146 422 Τ
172 387 253 421 202d
327 379 389 417 Ex
421 377 510 417 istis
543 376 696 429 colligo
730 375 1051 415 conclusionem
1086 373 1296 426 triplicem
1331 372 1435 411 mihi
1471 381 1592 411 nota-

271 447 417 488 bilem:
453 446 593 486 Prima
617 445 839 499 quomodo
873 446 951 485 ista
985 443 1200 484 sentencia
1232 451 1293 482 est
1316 456 1338 482 a
1363 442 1590 495 prepositis
1625 448 1864 511 Zigiiiidctiiissgsy

269 518 430 572 populo
465 515 738 570 predicanda,
774 529 823 555 eo
857 515 973 568 quod
999 513 1171 553 instruit
1197 526 1295 552 eum
1319 512 1359 552 in
1385 512 1591 563 moribus,
1632 519 1848 582 ftffssglrxmalfflgg

272 597 451 628 evacuat
492 600 679 627 errorem
713 586 811 626 fidei
845 595 886 626 et
919 585 1153 638 precipitur
1193 585 1245 623 ab
1280 583 1453 623 ecclesia
1487 582 1591 622 fieri.

238 658 401 707 5Quod
445 658 477 697 si
523 657 859 710 multiplicamus
904 656 1014 705 leges
1061 655 1113 694 de
1159 653 1390 707 sepulturis
1438 661 1480 692 et
1525 666 1593 691 eas

271 728 630 781 solempnizamus
672 736 799 781 atque
833 739 911 779 pro
953 725 1230 779 porcionibus
1265 732 1305 763 et
1349 723 1595 763 substancia

272 799 459 839 defuncti
510 797 811 838 contendimus
860 805 900 836 et
947 796 1050 835 illud
1099 808 1194 835 cum
1245 794 1333 834 aliis
1383 793 1594 845 suffragiis

273 869 574 909 defunctorum
608 867 864 918 omittimus,
890 867 986 920 quis
1011 865 1177 906 dubitat
1201 865 1304 918 quin
1331 865 1445 904 Deus
1469 863 1595 903 huius

272 939 401 979 seculi
447 951 580 992 usque
627 938 678 977 ad
726 937 1023 977 infidelitatem
1060 936 1219 976 cecavit
1253 935 1401 975 oculos
1442 933 1596 974 mentis

217 1030 256 1051 10
273 1006 441 1048 nostre?
481 1009 534 1048 Et
575 1021 670 1048 cum
705 1008 746 1047 in
781 1007 922 1060 vigilia
957 1007 1229 1047 pentecostes
1264 1014 1362 1059 post
1402 1018 1594 1044 commu-

273 1079 445 1119 nionem
500 1079 764 1118 concinimus
820 1078 935 1131 quod
992 1077 1106 1117 Deus
1159 1090 1234 1130 per
1295 1090 1342 1116 os
1400 1076 1594 1115 omnium

272 1149 582 1203 prophetarum
629 1149 776 1189 docuit
822 1162 897 1187 nos
944 1147 1194 1201 temporalia
1248 1146 1502 1200 relinquere,
1556 1154 1596 1185 et

271 1221 370 1260 alibi
416 1229 634 1260 cantantes
674 1233 848 1259 oramus
889 1227 935 1257 ut
974 1218 1089 1257 Deus
1124 1217 1276 1257 doceat
1310 1231 1386 1256 nos
1427 1225 1593 1256 terrena

273 1291 502 1344 despicere,
556 1291 654 1344 quia
708 1299 870 1330 certum
918 1298 980 1329 est
1026 1289 1143 1342 quod
1196 1287 1371 1341 spiritus
1419 1296 1594 1327 sanctus

219 1361 423 1413 15effugit
456 1361 702 1401 cohabitare
736 1373 832 1399 cum
868 1359 1020 1412 spiritu
1057 1358 1243 1398 hominis
1276 1358 1334 1397 sic
1367 1357 1595 1398 affeccione

275 1431 577 1484 temporalium
630 1431 872 1484 deturpato.
916 1431 982 1469 Ad
1036 1429 1310 1482 probandum
1364 1437 1507 1468 autem
1563 1428 1595 1467 si

275 1516 423 1542 sumus
456 1502 719 1553 huiusmodi,
758 1500 1066 1541 sollicitudines
1108 1510 1250 1539 nostre
1292 1512 1388 1538 cum
1430 1498 1595 1538 actibus

275 1572 553 1626 sequentibus
605 1572 870 1611 iudicabunt.
920 1572 1028 1611 Nam
1080 1579 1200 1623 pater
1245 1569 1478 1623 spiritualis
1523 1569 1679 1622 quiTne
1727 1587 1809 1610 must
1837 1587 1888 1609 not

176 1643 418 1682 203ssanimo
452 1643 737 1696 preponderat
762 1641 971 1681 oracionis
996 1640 1195 1693 suffragia
1231 1649 1271 1680 et
1305 1617 1892 1687 elemosinasss'giiiiimogixsaigfgiif

216 1713 475 1766 2oprovidas
529 1712 740 1752 faciendas
800 1726 877 1766 pro
936 1711 1116 1751 mortuis
1166 1712 1258 1761 plus
1310 1723 1439 1763 quam
1491 1709 1595 1749 lucri
1637 1690 1866 1751 isiggeciietsffiuiss.

276 1784 521 1837 temporalis
577 1783 818 1834 commoda,
879 1781 1101 1821 manifeste
1161 1781 1425 1820 demonstrat
1478 1779 1594 1833 quod

276 1854 370 1907 plus
423 1863 536 1893 amat
590 1853 842 1906 temporalia
891 1852 1079 1892 defuncti
1139 1864 1269 1904 quam
1327 1850 1466 1889 anime
1523 1863 1596 1889 sue

277 1924 495 1976 spirituale
554 1923 817 1975 suffragium.
893 1922 1087 1962 Secunda
1138 1921 1374 1960 conclusio:
1443 1920 1596 1959 Nullus
1653 1921 1844 1949 2.A11rites

278 1995 382 2034 ritus
417 1993 589 2033 ecclesie
621 1995 673 2033 ab
713 1993 802 2032 eius
838 1993 971 2045 capite
1005 1992 1268 2045 approbatus
1303 1991 1354 2029 de
1387 1990 1597 2042 suffragiis
1612 1956 1890 2025 assffirprgdggyrgge

222 2068 259 2100 25
277 2064 341 2103 vel
386 2063 604 2103 memoriis
651 2063 851 2103 faciendis
903 2076 980 2115 pro
1027 2061 1207 2101 mortuis
1254 2069 1461 2114 repugnat
1504 2075 1598 2101 sen·
1625 2026 1779 2054 withxhis
1799 2026 1875 2054 rute.

277 2134 412 2174 tencie
446 2134 701 2187 supradicte.
747 2134 868 2191 Eatet
902 2147 949 2172 ex
996 2132 1076 2172 hoc
1122 2132 1238 2185 quod
1285 2131 1399 2171 nulla
1444 2131 1598 2171 veritas

280 2215 488 2258 repugnat
542 2204 721 2245 veritati.
782 2204 989 2243 Procuret
1044 2216 1143 2255 ergo
1198 2201 1344 2253 homo,
1390 2210 1598 2254 quantum

279 2275 511 2328 prudenter
549 2274 720 2324 sufficit,
769 2288 842 2326 per
875 2287 918 2313 se
953 2273 1018 2313 vel
1052 2273 1196 2324 alium,
1238 2272 1475 2311 remedium
1515 2272 1600 2311 ani-

280 2359 445 2384 marum
499 2345 538 2384 in
601 2344 848 2399 purgatorio
906 2343 1201 2383 oblacionibus
1256 2343 1319 2382 vel
1379 2342 1600 2394 stipendiis

223 2416 265 2449 30
282 2416 506 2455 annalibus
546 2416 816 2455 sacerdotum
862 2422 935 2454 aut
980 2413 1174 2466 precibus
1220 2421 1481 2462 sanctorum,
1529 2420 1601 2451 aut

282 2499 476 2524 carorum
523 2485 764 2525 elemosinis
811 2493 883 2524 aut
917 2483 1077 2523 ieiunio
1125 2491 1405 2536 cognatorum
1453 2491 1493 2522 et
1538 2494 1598 2520 se-

282 2556 469 2595 cundum
529 2555 818 2608 supradictam
871 2554 949 2593 Dei
1007 2552 1265 2593 sentenciam
1320 2553 1598 2605 approbatur.

335 2713 354 2733 ι.
376 2707 404 2733 A
424 2706 454 2733 in
476 2713 592 2739 marg:
615 2705 729 2733 Contra
750 2703 916 2732 avariciam
937 2703 1020 2731 cleri.
1050 2702 1152 2730 Prima
1173 2702 1344 2730 conclusio⁴
1456 2700 1500 2729 23.
1522 2703 1549 2729 A
1570 2701 1599 2728 in

282 2759 397 2787 marg:
425 2751 572 2779 Secunda
601 2751 772 2779 conclusio.
806 2750 850 2778 De
875 2750 968 2778 variis
995 2749 1105 2777 ritibus
1129 2749 1312 2784 approbatis
1340 2748 1369 2774 in
1398 2747 1552 2783 suffragiis
1574 2752 1600 2774 et

282 2799 441 2827 memoriis
462 2804 669 2826 mortuorum.

340 2905 370 2937 6.
396 2906 516 2948 porcio
544 2904 564 2937 i.
592 2915 620 2937 e.
649 2904 773 2947 pensio
800 2915 926 2937 annua.
