2045 3312
117 274 163 299 12
825 269 1049 301 JOHANNIS
1075 270 1272 302 WYCLlF.
1574 254 1679 313 [CAP.
1702 266 1724 292 1.

401 387 440 416 et
473 377 657 428 ecclesia,
691 386 730 416 et
762 389 835 429 per
858 389 1133 429 consequens,
1166 376 1207 414 in
1231 375 1370 428 primo
1394 374 1595 428 spirituali
1621 387 1719 413 con-
1743 391 1818 431 129⁰
1841 387 1860 420 1

400 447 529 501 iugio.
564 447 672 487 Solis
720 446 833 486 enim
865 460 913 485 ex
947 446 1025 485 deo
1071 446 1127 485 sic
1161 445 1267 485 natis
1312 445 1426 485 dedit
1469 453 1724 498 potestatem

401 516 509 557 filios
543 517 608 557 dei
641 517 742 569 fieri,
776 526 817 557 et
859 530 934 570 per
965 529 1244 569 conseque118‚
1278 515 1392 555 iuxta
1424 524 1721 568 argumentum

399 588 581 641 apostoli
614 587 850 627 coheredes.

109 667 383 730 cikrigglilrsisarlrike
457 658 627 710 Iterum,
661 658 767 697 sicut
799 665 914 697 extra
945 669 1098 696 navem
1119 656 1212 696 Noe
1245 668 1332 694 non
1364 655 1564 695 remansit
1596 655 1763 702 bestiab

343 725 348 730 ’
399 728 553 768 salvata
577 729 618 767 in
651 727 830 768 diluvio:
864 727 921 767 sic
954 735 1066 767 extra
1100 740 1249 766 navem
1284 725 1454 765 ecclesie
1486 739 1573 766 non
1601 735 1725 766 restat

396 798 530 838 homo
563 799 785 839 salvandus
818 806 915 851 post
947 797 1160 851 spirituale
1192 795 1471 850 naufragium.

117 880 185 908 Tne
206 881 370 920 reprobate
456 869 626 921 Iterum,
658 868 764 908 sicut
795 868 1040 907 membrum
1071 880 1158 907 non
1190 866 1294 908 vivit
1316 866 1546 919 prescisum
1578 881 1601 906 a
1633 879 1759 914 cor-0

106 917 521 992 ui-gffisfrlggbtshzutpore:
556 939 613 978 sic
645 952 721 979 nec
754 946 903 978 natura
935 937 1122 977 humana
1155 950 1229 990 per
1250 936 1597 990 reprobacionem
1629 949 1722 989 pre-

202 987 293 1023 ΜΨ
399 1009 481 1048 cisa
524 1023 547 1049 a
594 1009 740 1062 capite.
794 1009 848 1048 Et
898 1009 949 1048 ad
993 1008 1074 1048 hoc
1127 1015 1225 1047 sunt
1267 1006 1475 1060 quotlibet
1517 1007 1641 1060 legeS‚
1679 1015 1783 1052 ut10

396 1081 563 1132 xxula,
597 1094 636 1133 q.
669 1079 777 1130 Vlla,
811 1079 887 1118 sub
920 1077 1166 1118 auctoritate
1199 1077 1424 1132 Augustini
1458 1077 1508 1116 ad
1541 1077 1721 1118 Vincen-

177 1162 219 1191 So
244 1172 313 1203 says
398 1152 511 1192 cium
544 1151 761 1191 decretum
793 1149 850 1189 sic
881 1149 1088 1203 loquitur:
1140 1147 1514 1197 Quemadmodum
1555 1148 1592 1187 si
1618 1160 1722 1200 pre-

153 1200 328 1234 i-xugusime
397 1222 626 1262 scindatur
671 1221 913 1261 membrum
948 1220 1000 1260 ab
1034 1220 1221 1260 hominis
1261 1220 1345 1260 vivi
1383 1231 1586 1271 corpore,
1635 1231 1718 1257 non

390 1299 534 1346 potest
566 1298 712 1333 tenere
751 1292 951 1344 Spiritum
997 1291 1101 1330 vite:
1144 1290 1206 1330 sic
1242 1291 1369 1329 homo
1418 1290 1491 1343 qui
1522 1289 1722 1341 presciu-

398 1363 515 1403 ditur
555 1363 607 1403 de
656 1362 814 1403 Christi
860 1362 961 1402 iusti
1004 1374 1203 1414 corpore,
1251 1361 1371 1401 nullo
1417 1360 1541 1400 modo
1586 1366 1780 1412 potest15

397 1441 544 1474 tenere
575 1434 778 1486 spiritum
813 1433 994 1473 iusticie.
1030 1433 1083 1472 Et
1115 1441 1203 1472 tota
1252 1432 1330 1471 ista
1368 1430 1580 1471 sentencia
1612 1438 1724 1483 patet

398 1505 566 1557 XXIV-1,
600 1519 640 1558 q.
674 1504 703 1555 Ι,
738 1517 812 1557 per
842 1503 976 1543 multa
1011 1502 1206 1556 capitula.

161 1599 220 1626 and
243 1598 335 1626 gode,
456 1575 579 1615 Unde
613 1588 661 1614 ex
694 1573 812 1613 dictis
844 1573 956 1613 Bede
989 1573 1046 1612 sic
1078 1572 1267 1626 loquitur
1307 1585 1444 1612 unum
1488 1572 1721 1612 decretum:

403 1646 660 1698 Quicunque
694 1645 747 1684 ab
781 1645 944 1684 unitate
962 1644 1077 1698 fidei
1111 1644 1178 1684 vel
1208 1644 1427 1683 societatis
1459 1644 1576 1683 Petri
1620 1655 1722 1695 quo-

399 1716 594 1757 vismodo
617 1717 870 1768 semetipsos
891 1721 1142 1769 segregant,
1175 1714 1285 1754 tales
1317 1726 1395 1754 nec
1420 1714 1605 1754 vinculis
1620 1727 1722 1766 pec·
1740 1734 1782 1755 20

398 1792 593 1826 catorum
628 1786 814 1825 absoluti
845 1792 947 1825 sunt
979 1798 1055 1824 nec
1078 1787 1256 1825 ianuam
1282 1785 1412 1837 regni
1435 1784 1603 1824 celestis
1619 1797 1722 1836 pos-

397 1863 495 1896 sunt
529 1856 718 1910 ingredi.
758 1856 863 1895 Item
895 1855 1009 1895 aliud
1043 1855 1258 1895 decretum
1299 1863 1473 1907 captum
1519 1868 1567 1894 ex
1612 1853 1723 1893 dicto

398 1927 506 1966 Bede
539 1940 664 1980 super
695 1926 874 1980 primam
909 1926 1156 1966 canonicam
1187 1925 1409 1965 ,Iohannisz
1459 1924 1610 1964 Omnis
1653 1925 1727 1977 qui

397 1997 558 2038 recedit
592 2004 629 2037 et
662 2011 745 2037 non
772 2004 1006 2050 permanet
1037 1998 1080 2037 in
1114 1996 1316 2036 doctrina
1355 1996 1532 2044 Christi,
1579 1995 1721 2034 Deum

398 2082 482 2108 non
515 2068 661 2117 lzabet;
691 2068 764 2120 qui
788 2073 1023 2119 permanet
1073 2067 1115 2106 in
1150 2066 1366 2116 doctrina,
1405 2066 1473 2105 lzic
1514 2065 1780 2118 etfilizt71225

398 2145 437 2178 et
459 2145 637 2190 patrem
671 2138 812 2177 hahet.
847 2138 907 2176 Ex
941 2137 1094 2176 talibus
1133 2136 1253 2176 dictis
1287 2145 1530 2176 sanctorum
1578 2144 1617 2174 et
1649 2136 1719 2174 de-

399 2218 510 2247 creto
545 2207 716 2247 ecclesie
750 2208 854 2247 duce
889 2206 1055 2246 racione
1088 2206 1291 2259 scripture
1337 2215 1452 2259 patet
1496 2214 1583 2244 tota
1627 2219 1720 2258 pre-

397 2278 507 2317 dicta
539 2277 763 2329 sentencia,
797 2286 836 2317 et
868 2277 985 2330 quod
1008 2276 1206 2330 precipue
1230 2276 1469 2316 timendum
1502 2284 1574 2325 est,
1608 2284 1722 2328 patet

397 2348 514 2401 quod
548 2348 688 2387 nullus
722 2347 984 2398 christi-anm,
1018 2348 1089 2386 sed
1112 2346 1309 2400 precipue
1343 2345 1497 2385 Christi
1542 2345 1720 2385 vicarius

398 2432 484 2457 non
518 2428 579 2458 est
612 2418 853 2458 membrum
886 2417 1070 2469 ecclesie,
1105 2417 1181 2456 nisi
1212 2424 1523 2470 perseveranter
1555 2424 1720 2456 secutus
1738 2425 1778 2457 30

398 2489 521 2529 fuerit
554 2488 771 2529 Christum
804 2489 845 2527 in
878 2487 1067 2528 moribus
1100 2496 1139 2527 et
1171 2486 1374 2526 doctrina.

455 2601 482 2624 ιι.
507 2593 527 2618 I),
550 2591 578 2618 in
601 2600 702 2626 marg:
724 2591 867 2627 apostoli.
939 2590 998 2618 §.B
1018 2590 1046 2617 iu
1067 2598 1167 2624 marg:
1189 2588 1269 2616 Dicit
1287 2589 1370 2616 enim
1386 2593 1469 2616 extra
1481 2588 1643 2616 ecclesiam
1657 2596 1718 2615 non

397 2647 465 2666 esse
487 2639 706 2665 remissionem
729 2639 845 2673 pcccati
868 2638 1030 2665 contracti.
1059 2640 1164 2673 Quare
1190 2636 1282 2672 igitur
1302 2636 1385 2664 addit
1407 2637 1464 2663 hoc
1485 2636 1637 2663 contracti
1654 2641 1717 2663 tum

397 2691 426 2713 ut
440 2687 589 2713 verbum!
606 2691 688 2713 extra
703 2685 785 2712 illam
802 2692 858 2713 nec
877 2690 921 2712 cst
940 2685 1084 2713 remissio
1102 2684 1221 2720 peccati
1239 2683 1388 2711 contracti
1408 2690 1464 2710 nec
1481 2691 1542 2710 non
1558 2684 1718 2711 contracli.

398 2741 430 2761 ιι.
454 2732 475 2760 Β
497 2733 526 2760 in
548 2741 645 2767 marg.
667 2733 708 2766 225,
731 2741 761 2768 q.
782 2741 808 2764 7.
883 2741 921 2768 ¹7·
944 2732 964 2759 Β
986 2733 1015 2759 in
1038 2740 1133 2766 marg.
1156 2738 1277 2768 2i1,q.1.
1354 2739 1398 2766 27.
1415 2731 1453 2758 B:
1476 2730 1552 2758 duce
1570 2729 1718 2758 Romane.

461 2815 510 2837 12.
540 2806 637 2837 Decr.
664 2815 732 2837 sec.
766 2816 845 2848 pars
878 2816 981 2837 causa
1013 2806 1135 2845 XXIII,
1168 2816 1201 2848 q.
1228 2805 1302 2844 VII,
1330 2815 1356 2835 c.
1384 2805 1440 2835 IV.
1597 2802 1646 2834 18.
1674 2802 1717 2834 ib.

397 2865 510 2896 Causa
538 2864 659 2904 XXIV,
686 2874 719 2906 q.
746 2864 770 2904 Ι,
797 2873 870 2907 cap.
896 2864 1035 2897 XXVII.
1305 2872 1357 2893 22.
1386 2862 1518 2893 Decret.
1546 2871 1613 2892 sec.
1640 2871 1719 2903 pars

398 2932 500 2954 causa
525 2922 646 2964 XXIV,
673 2932 706 2965 q.
733 2922 756 2962 1,
784 2932 859 2964 cap.
887 2922 1014 2954 XXIV.
