2045 3312
307 262 396 291 CAP.
412 251 510 311 xur]
813 265 872 296 DE
898 263 1134 296 ECCLESIA.

155 371 528 426 Gr169⁰comedent
575 376 614 411 et
658 370 790 410 nichil
832 370 954 410 aliud
1000 369 1213 420 accipient
1258 368 1310 408 de
1349 368 1627 419 possessione

294 443 497 497 fratrum
531 450 734 481 suorum:
797 440 1013 480 Dominus
1046 440 1157 479 enim
1194 439 1284 491 ipse
1318 443 1379 478 est
1411 437 1627 477 hereditas

307 526 475 561 eorum,
521 513 631 552 sicut
665 510 832 550 Iocutus
865 516 924 550 est
959 509 1059 549 illis·
1093 509 1146 548 Et
1178 508 1234 548 sic
1268 508 1456 560 intelligo
1499 507 1626 560 scrip-

308 593 447 623 turam
470 595 629 622 sacram
661 579 836 620 Numeri
859 580 1029 630 XVIHO,
1064 591 1131 629 20,
1156 592 1254 618 cum
1284 578 1452 618 dicitur:
1484 577 1628 616 Dixit-

273 666 389 707 5que
441 652 639 692 dominus
683 650 740 690 ad
790 651 961 690 Aaron:
1011 649 1062 688 In
1117 655 1240 689 terra
1293 661 1443 687 eorum
1499 647 1630 686 nichil

301 722 578 777 possidebitis
607 735 682 761 nec
704 720 910 760 habebitis
936 726 1111 772 partem
1145 720 1258 759 inter
1292 731 1377 769 eos,
1412 730 1493 771 ego
1519 730 1630 769 pars

309 801 347 833 et
397 793 615 833 hereditas
665 798 752 831 tua.
822 790 1037 829 Haberent
1088 797 1232 829 autem
1284 789 1520 828 sacerdotes
1580 788 1630 826 de

309 862 481 916 optimis
524 861 790 902 vescibilibus
841 860 928 899 sine
980 858 1261 899 sollicitudine
1314 857 1378 912 (ut
1418 866 1531 911 patet
1583 871 1630 896 ex

310 932 443 972 Exodi
484 932 616 984 X1X0,
656 930 830 971 Levitici
870 930 907 969 Ι0
941 939 980 970 et
1019 930 1094 971 IV0
1132 938 1171 969 et
1216 928 1407 982 capitulis
1452 942 1630 981 sequen-

256 1003 454 1057 mribus).
518 1003 580 1042 Ex
624 1002 710 1042 istis
756 1009 896 1054 potest
934 1000 1074 1053 colligi
1121 999 1337 1039 conclusio
1383 999 1500 1052 quod
1538 1012 1630 1037 mo-

311 1075 437 1114 derna
490 1072 585 1113 cleri
644 1072 811 1112 dotacio
865 1085 951 1111 non
1010 1080 1072 1110 est
1131 1069 1355 1110 fundabilis
1407 1069 1446 1107 in
1501 1069 1630 1108 altero

312 1153 578 1184 testamento.

271 1235 297 1259 a
371 1215 568 1254 Secundo
614 1212 898 1266 principaliter
943 1211 1124 1251 obicitur
1156 1225 1227 1264 per
1258 1210 1338 1249 hoc
1372 1210 1487 1263 quod
1537 1210 1632 1248 dare

311 1285 573 1338 aliquantam
617 1283 893 1323 elemosinam
940 1296 1015 1335 pro
1067 1282 1285 1334 aliquanto
1336 1290 1527 1332 tempore
1573 1289 1634 1318 est

258 1367 293 1398 15
312 1369 410 1395 cum
443 1355 613 1408 paribus
636 1353 811 1393 alicuius
835 1352 993 1403 meriti;
1028 1353 1123 1391 dare
1152 1365 1251 1391 cum
1274 1350 1442 1404 paribus
1473 1358 1632 1389 tantam

311 1425 377 1465 vel
421 1424 627 1464 maiorem
673 1422 946 1463 elemosinam
993 1435 1066 1475 per
1110 1432 1279 1474 tempus
1324 1419 1488 1459 diucius
1528 1419 1633 1459 foret

312 1495 449 1535 meriti
471 1494 704 1548 amplioriS,
739 1502 778 1533 et
810 1506 884 1546 per
906 1505 1170 1545 consequens
1198 1504 1275 1544 pro
1308 1500 1500 1544 tempore
1533 1489 1634 1542 legis

316 1565 463 1619 gracie,
513 1565 685 1619 quando
731 1564 853 1603 debet
905 1577 992 1602 esse
1043 1561 1422 1615 superhabundans
1474 1560 1633 1610 caritas,

315 1636 437 1675 debet
479 1635 566 1674 dari
610 1634 841 1674 elemosina
885 1632 1118 1686 largissima
1164 1631 1307 1685 quoad
1355 1631 1634 1684 quantitatem

258 1729 299 1750 20
317 1706 515 1757 muneris,
549 1705 691 1759 quoad
712 1704 946 1743 libertatem
974 1701 1220 1742 donacionis
1245 1711 1285 1741 et
1308 1701 1450 1754 quoad
1474 1700 1633 1740 diutur-

315 1778 489 1816 nitatem
520 1775 738 1828 temporis.
794 1774 876 1813 Sed
921 1772 987 1812 cui
1033 1773 1239 1811 donarent
1284 1770 1376 1810 laici
1411 1770 1488 1809 nisi
1525 1771 1634 1809 clero

315 1846 469 1887 Christi
502 1860 525 1885 a
557 1859 642 1899 quo
677 1844 884 1897 recipiunt
916 1842 1167 1882 elemosinas
1208 1837 1459 1894 ampliores?
1521 1841 1634 1892 Ergo

315 1916 449 1957 sancti
497 1929 613 1969 reges
660 1924 700 1954 et
743 1913 903 1967 prelati,
949 1913 1062 1965 leges
1100 1911 1269 1952 ecclesie
1303 1920 1342 1951 et
1374 1910 1634 1950 ostensiones

315 1987 505 2027 miraculi
537 1987 692 2026 docent
714 1998 812 2024 cum
835 1983 1002 2023 racione
1027 1983 1077 2022 de
1099 1981 1334 2022 maioritate
1358 1980 1494 2021 meriti
1520 1980 1636 2033 quod

257 2068 296 2101 25
315 2058 406 2098 talis
452 2056 620 2097 dotacio
655 2054 824 2095 ecclesie
869 2053 921 2093 sit
959 2052 1173 2092 meritoria
1211 2051 1448 2105 utrobique.
1514 2049 1636 2099 QuiS,

273 2129 503 2181 binquam,
556 2125 718 2166 dubitat
763 2124 879 2178 quin,
943 2123 974 2162 si
1014 2123 1161 2162 Petrus
1214 2121 1426 2161 meritorie
1478 2119 1637 2159 dederit

315 2197 592 2238 elemosinam
625 2205 678 2247 et,
711 2203 874 2234 servato
898 2193 1064 2245 merito,
1094 2191 1425 2246 superaddiderit
1451 2204 1634 2244 quomo-

315 2268 473 2308 dolibet
519 2266 794 2306 elemosinam
835 2264 1100 2317 ampliorem,
1134 2263 1236 2317 quin
1271 2262 1404 2302 eciam
1437 2269 1637 2301 cresceret

314 2339 512 2378 meritum
544 2332 840 2390 aggregatum?

261 2418 299 2451 H
373 2408 452 2448 Hic
485 2407 634 2447 dicitur
666 2405 937 2445 concedendo
972 2403 1153 2457 primam
1194 2399 1532 2442 conclusionem:
1587 2414 1636 2439 eo

315 2479 431 2533 quod
454 2477 637 2531 apostoli
662 2485 701 2516 et
723 2476 791 2515 alii
816 2474 995 2515 cariores
1025 2473 1180 2514 Christi
1203 2471 1397 2525 discipuli
1430 2471 1635 2510 dederunt

315 2548 460 2588 omnia
491 2562 565 2587 sua
598 2545 861 2599 temporalia,
897 2545 1115 2597 sequendo
1149 2542 1367 2583 Christum
1391 2541 1433 2579 in
1457 2554 1634 2593 evange-

314 2619 391 2658 lica
424 2625 685 2671 paupertate,
730 2615 785 2654 ita
830 2615 946 2668 quod
980 2627 1054 2653 nec
1087 2612 1207 2653 dacio
1241 2625 1316 2651 nec
1349 2610 1540 2663 recepcio
1574 2620 1634 2649 est

366 2821 391 2841 2.
413 2815 454 2841 B:
476 2813 637 2842 fratruum.
772 2819 806 2839 ιι.
828 2810 900 2838 Ain
917 2817 1031 2845 marg:
1056 2808 1234 2836 Conclusio,
1372 2805 1398 2833 11³
1430 2806 1501 2832 Ain
1519 2813 1637 2839 marg.:

316 2860 440 2888 Contra.
468 2860 614 2888 Secunda
640 2858 792 2886 obiecciO.
935 2865 978 2891 14.
1002 2856 1080 2883 Ain
1108 2863 1224 2890 marg:
1254 2853 1379 2881 Nesciat
1406 2852 1530 2879 sinistra
1562 2852 1637 2887 quid

315 2906 406 2935 faciat
428 2907 545 2934 dextra.
689 2903 735 2932 30.
756 2905 784 2931 A
805 2903 834 2930 in
857 2911 971 2937 marga
993 2902 1175 2937 Responsio.

1649 1236 1674 1255 2.
1695 1228 1719 1255 lt
1740 1228 1765 1255 is
1781 1227 1923 1262 obiectes]

1648 1266 1680 1295 a)
1694 1264 1757 1292 that
1775 1264 1825 1290 the
1838 1271 1924 1290 more

1673 1300 1722 1326 Ille
1743 1299 1831 1328 alms,
1853 1300 1904 1326 the

1690 1339 1813 1369 greater
1832 1335 1884 1361 the

1724 1369 1854 1406 cliarity,

1681 1650 1709 1683 17)
1729 1649 1793 1677 that
1813 1649 1891 1676 alins

1651 1693 1707 1713 can
1730 1686 1766 1712 be
1788 1686 1879 1717 given
1898 1690 1926 1712 ιο

1687 1728 1768 1747 none
1789 1720 1888 1747 better

1692 1756 1764 1783 than
1785 1760 1816 1782 to
1836 1755 1888 1782 the

1733 1793 1845 1827 clergy.

1715 2419 1868 2445 Answer:

1653 2456 1685 2485 L1)
1705 2453 1802 2485 True,
1833 2452 1858 2479 if
1881 2452 1929 2479 ilie

1653 2489 1730 2516 alins
1751 2496 1801 2515 are
1818 2487 1929 2522 rightly

1711 2523 1848 2550 directed
1863 2532 1869 2554 ;
