2045 3312
148 405 182 439 D
208 404 284 437 168²*

298 284 387 312 (ῑΑι).
418 273 513 332 xm]
819 286 879 316 DE
907 285 1141 317 ECCLESIA.
1829 270 1904 310 28¹

301 395 355 433 Et
401 394 482 433 hoc
529 402 589 433 est
633 401 786 432 notum
841 389 1172 444 intelligentibus
1216 398 1379 429 textum
1425 390 1621 442 Apostoli

300 463 480 517 Philipp.
505 464 596 514 1110,
623 462 660 514 3,
684 470 724 502 et
748 461 838 502 Gal.
862 461 954 512 VIO,
986 465 1068 512 140,
1097 459 1298 499 dicentis:
1321 460 1456 499 Miclzi
1479 466 1621 499 autem

299 534 411 574 absit
439 534 630 588 gloriari
663 533 745 572 nisi
777 533 819 571 in
854 543 983 570 cruce
1015 531 1178 570 domini
1208 529 1311 570 Jesu
1349 530 1522 570 Christi.

359 604 479 655 Item,
513 617 561 643 ex
583 611 783 656 precepto
807 601 884 641 Dei
908 610 946 641 et
969 601 1058 640 eius
1082 599 1347 640 successione
1375 599 1623 639 hereditaria

266 673 373 717 5filii
417 672 603 727 adoptivi
651 686 738 712 non
781 681 947 712 tenetur
993 671 1112 711 heres
1157 669 1403 710 continuare
1449 670 1621 723 aliquod

208 755 270 788 10³>

246 1046 284 1067 10

265 744 465 783 ‘cbonum
511 757 620 796 opus
644 742 670 770 ‘³³
691 742 769 783 nisi
824 756 872 782 ex
923 742 1052 782 libera
1096 741 1334 793 voluntate3
1383 740 1455 781 sed
1493 739 1621 791 Deus⁷

299 825 416 867 pater
457 813 621 853 heredis
653 813 748 866 plus
793 812 953 865 obligat
986 825 1115 866 quam
1148 820 1266 864 pater
1298 824 1398 851 suus
1432 810 1619 861 carnalis,

300 898 398 938 ergo
445 884 582 923 multo
615 883 749 936 magis
783 896 832 922 ex
864 882 1127 936 obligacione
1160 880 1288 934 patris
1322 880 1495 920 carnalis
1534 894 1621 919 non

299 964 464 995 tenetur
496 954 552 994 sic
584 953 716 993 facere
751 953 831 993 nisi
865 967 913 992 ex
944 953 1075 992 libera
1106 952 1337 992 voluntate.
1362 952 1475 991 Deus
1508 950 1622 990 enim
1667 964 1738 992 God
1759 963 1886 991 ordains

300 1025 444 1079 posuit
489 1024 709 1064 hominem
743 1023 786 1062 in
818 1032 935 1064 tanta
966 1022 1168 1074 libertate,
1214 1023 1331 1076 quod
1364 1035 1451 1061 non
1482 1030 1623 1074 potest
1637 999 1914 1073 aibffiogonveossis

300 1094 377 1134 sibi
409 1094 640 1148 quicquam
672 1094 863 1133 absolute
896 1092 1109 1147 precipere
1142 1092 1221 1131 nisi
1252 1092 1530 1144 meritorium,
1584 1101 1623 1131 et
1694 1072 1759 1098 trec
1779 1069 1852 1097 ΜΗ

301 1178 375 1217 per
426 1178 689 1217 consequens
733 1163 893 1204 adiecta
947 1162 1208 1214 condicione,
1261 1172 1308 1202 ut
1350 1162 1477 1202 libere
1520 1162 1624 1202 illud

302 1234 500 1288 perficiat.
537 1235 658 1275 Unde
680 1233 945 1287 Augustinus
968 1247 1093 1286 super
1115 1233 1335 1273 psalmum
1354 1233 1621 1274 CXLVIII'¹¹¹¹:

302 1305 350 1344 In
385 1313 470 1353 tuo,
504 1304 654 1358 inquit,
684 1305 863 1344 arbitrio
885 1305 1006 1344 Dens
1028 1311 1066 1344 te
1091 1317 1183 1344 esse
1216 1304 1362 1355 voluit,
1395 1304 1464 1342 cui
1485 1317 1624 1356 pares

270 1388 285 1419 5
302 1376 458 1426 locum,
482 1375 576 1415 Deo
599 1381 674 1414 aut
697 1374 887 1426 diabolo,
905 1388 999 1414 cum
1018 1375 1270 1427 paraveris,
1294 1374 1626 1427 quipossidebit

301 1446 392 1497 ipse
425 1445 663 1498 imperabit.
698 1445 778 1485 Sed
801 1445 908 1485 absit
939 1454 986 1485 ut
1007 1445 1156 1499 aliquis
1190 1454 1375 1498 reportet
1407 1459 1475 1484 me
1508 1445 1622 1498 quod
1639 1454 1664 1489 (1
1687 1458 1769 1482 must
1797 1459 1850 1481 not
1878 1454 1916 1482 be

302 1515 398 1555 dem
422 1515 688 1555 occasionem
722 1515 904 1555 dominis
937 1515 1241 1569 temporalibus
1270 1516 1323 1554 ad
1351 1514 1622 1568 spoliandum
1639 1490 1914 1552 ιηῖῖἷᾶρῧῗὲιῆὲῗᾱε

302 1594 491 1626 sanctam
534 1585 752 1625 ecclesiam
795 1586 860 1625 vel
894 1586 945 1625 ad
980 1585 1321 1626 continuandum
1370 1585 1621 1625 elemosinas
1644 1560 1906 1658 ιιῗέῑῗῗὲῖἓνῗῧὲῗιῗε

303 1671 405 1710 quas
437 1656 726 1710 progenitores
759 1670 908 1696 eorum
940 1656 1196 1709 inceperant,
1237 1670 1335 1696 cum
1368 1670 1417 1695 ex
1449 1657 1620 1696 conclu-
1636 1634 1667 1658 to
1694 1631 1744 1657 tm
1796 1629 1914 1663 husen.)

248 1750 262 1770 2
304 1727 420 1767 sione
469 1736 670 1780 sequatur
713 1726 943 1767 formaliter
987 1727 1105 1781 quod
1136 1736 1333 1767 tenentur
1371 1727 1622 1767 elemosinas

303 1798 404 1836 tales
451 1797 660 1850 perficere.
724 1798 809 1838 Scit
853 1798 967 1837 enim
1010 1797 1174 1851 logicus
1221 1798 1339 1851 quod
1372 1797 1404 1837 si
1438 1811 1525 1837 non
1566 1797 1623 1837 sic

304 1867 580 1907 elemosinare
613 1868 691 1907 nisi
724 1867 850 1907 libere
884 1877 984 1908 tunc
1018 1876 1226 1919 tenentur,
1261 1867 1354 1921 quis
1388 1881 1520 1921 queso
1555 1881 1622 1907 ur-

304 1947 416 1989 geret
460 1951 600 1990 regem
640 1938 791 1990 Anglie
840 1938 1064 1978 coaccione
1097 1937 1205 1977 civili
1251 1937 1496 1978 continuare
1541 1938 1622 1977 ele-

304 2007 489 2047 mosinas
521 2008 647 2060 patris
680 2005 768 2048 sui?
807 2009 904 2048 Non
938 2022 1005 2047 rex
1029 2008 1263 2061 preteritus,
1296 2017 1388 2048 tum
1420 2008 1519 2061 quia
1553 2022 1626 2060 par

250 2101 263 2121 2
304 2078 347 2116 in
381 2091 525 2130 parem
560 2092 648 2117 non
681 2078 805 2118 habet
837 2078 1078 2131 imperium,
1113 2088 1204 2118 tum
1238 2078 1371 2118 eciam
1394 2078 1492 2132 quia
1524 2078 1624 2131 ipsis

304 2147 345 2185 in
378 2161 507 2201 regno
546 2148 964 2201 incompossibilibus
999 2157 1059 2188 est
1092 2149 1268 2201 plenum
1300 2148 1364 2188 ius
1398 2149 1451 2188 ad
1482 2162 1625 2203 regem

305 2226 525 2269 posterum
569 2217 815 2270 derivatum,
868 2231 943 2257 nec
997 2218 1243 2271 imperatori
1287 2218 1481 2272 pertinet,
1527 2233 1625 2258 cum

305 2300 483 2340 regnum
514 2296 711 2327 nostrum
744 2301 831 2327 non
866 2288 916 2327 sit
948 2287 1127 2341 imperio
1160 2288 1219 2328 sic
1251 2288 1536 2342 subiugatum.

365 2357 426 2396 Ex
469 2357 623 2411 quibus
668 2358 856 2411 sequitur
899 2360 1017 2411 quod
1048 2372 1134 2398 non
1168 2359 1349 2412 pertinet
1380 2360 1432 2398 ad
1471 2373 1626 2412 papam

251 2439 293 2471 30
308 2436 479 2480 propter
501 2428 808 2481 obligacionem
832 2428 938 2481 regis
961 2438 1000 2468 et
1022 2428 1137 2482 regni
1159 2428 1343 2482 antiquis
1364 2429 1626 2483 temporibus

360 2619 385 2637 2.
407 2611 542 2647 Philipp.
570 2611 604 2638 In
625 2611 716 2638 codd.
747 2612 888 2647 sequitur
914 2612 1033 2639 lacuna.
1066 2612 1200 2641 Addidi:
1221 2613 1272 2649 ΙΙΙ,
1306 2613 1332 2642 3.
1476 2613 1518 2641 16.
1548 2614 1576 2641 A
1597 2613 1626 2641 in

308 2666 424 2693 marga
444 2658 525 2686 Nota
537 2659 729 2687 solucionem
743 2660 892 2687 obiectus.
974 2658 1014 2687 18.
1029 2659 1385 2696 discontinuandun1(?).
1469 2669 1508 2688 21.
1529 2662 1558 2689 A
1570 2662 1626 2695 Al:

308 2707 392 2738 quod
414 2705 438 2732 si
460 2713 521 2733 non
541 2711 691 2734 tenentur.
834 2713 877 2732 22.
899 2704 940 2733 23.
963 2705 1002 2733 B:
1023 2712 1120 2742 urget.
1152 2708 1181 2735 A
1205 2708 1235 2735 in
1262 2716 1378 2743 marg:
1407 2707 1478 2736 Non
1508 2712 1628 2735 tenetur

310 2751 388 2778 lilius
408 2753 589 2780 continuare
618 2753 814 2780 dotat-ionem
836 2753 1006 2781 elemosine
1034 2754 1128 2789 patris
1155 2755 1213 2782 sui.
1357 2755 1401 2783 28.
1433 2755 1471 2782 B:
1502 2762 1562 2782 non
1589 2754 1627 2782 sit

310 2798 500 2832 imperatori.
643 2807 691 2834 29.
711 2800 741 2827 A
761 2799 791 2827 in
814 2806 929 2835 marg.:
951 2799 1131 2828 Conclusio.

372 2916 422 2948 13.
449 2916 541 2960 Opp.
566 2925 651 2949 tom.
677 2918 734 2959 IV,
761 2928 794 2961 p.
822 2918 861 2960 ΙΙ,
886 2928 965 2962 pag.
997 2918 1093 2962 1673.
