<?xml version="1.0" encoding="UTF-8"?>
<!DOCTYPE html PUBLIC "-//W3C//DTD XHTML 1.0 Transitional//EN"
    "http://www.w3.org/TR/xhtml1/DTD/xhtml1-transitional.dtd">
<html xmlns="http://www.w3.org/1999/xhtml" xml:lang="en" lang="en">
 <head>
  <title>
</title>
<meta http-equiv="Content-Type" content="text/html;charset=utf-8" />
  <meta name='ocr-system' content='tesseract 3.04.00' />
  <meta name='ocr-capabilities' content='ocr_page ocr_carea ocr_par ocr_line ocrx_word'/>
</head>
<body>
  <div class='ocr_page' id='page_1' title='image "./iohanniswycliftr04wycl_0264.png"; bbox 0 0 2045 3312; ppageno 0'>
   <div class='ocr_carea' id='block_1_1' title="bbox 184 285 264 323">
    <p class='ocr_par' dir='ltr' id='par_1_1' title="bbox 184 285 264 323">
     <span class='ocr_line' id='line_1_1' title="bbox 184 297 204 322; textangle 90"><span class='ocrx_word' id='word_1_1' title='bbox 184 297 204 322; x_wconf 68' lang='grc' dir='ltr'>ιο</span> 
     </span>
     <span class='ocr_line' id='line_1_2' title="bbox 213 297 233 323; textangle 90"><span class='ocrx_word' id='word_1_2' title='bbox 213 297 233 323; x_wconf 68' lang='grc' dir='ltr'>ιο</span> 
     </span>
     <span class='ocr_line' id='line_1_3' title="bbox 241 285 264 323; textangle 90"><span class='ocrx_word' id='word_1_3' title='bbox 241 285 264 323; x_wconf 65' lang='lat' dir='ltr'>Ox</span> 
     </span>
    </p>
   </div>
   <div class='ocr_carea' id='block_1_2' title="bbox 182 547 459 759">
    <p class='ocr_par' dir='ltr' id='par_1_2' title="bbox 182 547 459 759">
     <span class='ocr_line' id='line_1_4' title="bbox 200 547 436 575; baseline -0.008 0"><span class='ocrx_word' id='word_1_4' title='bbox 200 548 267 575; x_wconf 74' lang='lat' dir='ltr'>The</span> <span class='ocrx_word' id='word_1_5' title='bbox 288 547 357 575; x_wconf 82' lang='lat' dir='ltr'>civil</span> <span class='ocrx_word' id='word_1_6' title='bbox 378 547 436 574; x_wconf 85' lang='lat' dir='ltr'>law</span> 
     </span>
     <span class='ocr_line' id='line_1_5' title="bbox 230 583 408 610; baseline -0.006 -1"><span class='ocrx_word' id='word_1_7' title='bbox 230 583 408 610; x_wconf 83' lang='lat' dir='ltr'>withdraws</span> 
     </span>
     <span class='ocr_line' id='line_1_6' title="bbox 182 618 459 653; baseline -0.004 -8"><span class='ocrx_word' id='word_1_8' title='bbox 182 618 263 645; x_wconf 87' lang='lat' dir='ltr'>from</span> <span class='ocrx_word' id='word_1_9' title='bbox 295 622 459 653; x_wconf 38' lang='lat' dir='ltr'>sanctuar-v</span> 
     </span>
     <span class='ocr_line' id='line_1_7' title="bbox 187 652 457 689; baseline 0 -9"><span class='ocrx_word' id='word_1_10' title='bbox 187 654 276 680; x_wconf 84' lang='lat' dir='ltr'>those</span> <span class='ocrx_word' id='word_1_11' title='bbox 297 652 396 689; x_wconf 62' lang='lat' dir='ltr'>guilty</span> <span class='ocrx_word' id='word_1_12' title='bbox 420 653 457 680; x_wconf 80' lang='lat' dir='ltr'>of</span> 
     </span>
     <span class='ocr_line' id='line_1_8' title="bbox 182 688 457 720; baseline 0.004 -6"><span class='ocrx_word' id='word_1_13' title='bbox 182 688 352 720; x_wconf 81' lang='lat' dir='ltr'>homicide.</span> <span class='ocrx_word' id='word_1_14' title='bbox 369 688 457 715; x_wconf 86' lang='lat' dir='ltr'>adul·</span> 
     </span>
     <span class='ocr_line' id='line_1_9' title="bbox 195 723 446 759; baseline 0.004 -10"><span class='ocrx_word' id='word_1_15' title='bbox 195 728 259 759; x_wconf 76' lang='lat' dir='ltr'>tery</span> <span class='ocrx_word' id='word_1_16' title='bbox 281 723 340 750; x_wconf 81' lang='lat' dir='ltr'>and</span> <span class='ocrx_word' id='word_1_17' title='bbox 363 731 446 758; x_wconf 79' lang='lat' dir='ltr'>rape.</span> 
     </span>
    </p>
   </div>
   <div class='ocr_carea' id='block_1_3' title="bbox 183 1179 462 1495">
    <p class='ocr_par' dir='ltr' id='par_1_3' title="bbox 183 1179 461 1382">
     <span class='ocr_line' id='line_1_10' title="bbox 209 1179 436 1207; baseline -0.004 0"><span class='ocrx_word' id='word_1_18' title='bbox 209 1179 257 1207; x_wconf 83' lang='grc' dir='ltr'>ΑΗ</span> <span class='ocrx_word' id='word_1_19' title='bbox 279 1179 436 1207; x_wconf 80' lang='lat' dir='ltr'>offenders</span> 
     </span>
     <span class='ocr_line' id='line_1_11' title="bbox 183 1214 461 1242; baseline -0.004 0"><span class='ocrx_word' id='word_1_20' title='bbox 183 1223 234 1242; x_wconf 83' lang='lat' dir='ltr'>are</span> <span class='ocrx_word' id='word_1_21' title='bbox 257 1224 293 1242; x_wconf 91' lang='lat' dir='ltr'>so</span> <span class='ocrx_word' id='word_1_22' title='bbox 320 1214 366 1242; x_wconf 82' lang='lat' dir='ltr'>fai·</span> <span class='ocrx_word' id='word_1_23' title='bbox 386 1214 461 1241; x_wconf 74' lang='lat' dir='ltr'>uniit</span> 
     </span>
     <span class='ocr_line' id='line_1_12' title="bbox 202 1249 454 1278; baseline -0.008 0"><span class='ocrx_word' id='word_1_24' title='bbox 202 1256 233 1278; x_wconf 89' lang='lat' dir='ltr'>to</span> <span class='ocrx_word' id='word_1_25' title='bbox 256 1252 291 1277; x_wconf 84' lang='lat' dir='ltr'>be</span> <span class='ocrx_word' id='word_1_26' title='bbox 314 1249 454 1276; x_wconf 83' lang='lat' dir='ltr'>shiclded</span> 
     </span>
     <span class='ocr_line' id='line_1_13' title="bbox 184 1285 460 1322; baseline -0.004 -10"><span class='ocrx_word' id='word_1_27' title='bbox 184 1286 221 1322; x_wconf 68' lang='lat' dir='ltr'>by</span> <span class='ocrx_word' id='word_1_28' title='bbox 248 1286 297 1312; x_wconf 81' lang='lat' dir='ltr'>the</span> <span class='ocrx_word' id='word_1_29' title='bbox 319 1285 460 1318; x_wconf 80' lang='lat' dir='ltr'>Church3</span> 
     </span>
     <span class='ocr_line' id='line_1_14' title="bbox 202 1320 445 1353; baseline -0.008 -5"><span class='ocrx_word' id='word_1_30' title='bbox 202 1323 234 1353; x_wconf 78' lang='lat' dir='ltr'>a)</span> <span class='ocrx_word' id='word_1_31' title='bbox 254 1321 388 1347; x_wconf 80' lang='lat' dir='ltr'>because</span> <span class='ocrx_word' id='word_1_32' title='bbox 410 1320 445 1346; x_wconf 87' lang='lat' dir='ltr'>he</span> 
     </span>
     <span class='ocr_line' id='line_1_15' title="bbox 247 1355 393 1382; baseline 0 0"><span class='ocrx_word' id='word_1_33' title='bbox 247 1355 317 1382; x_wconf 83' lang='lat' dir='ltr'>who</span> <span class='ocrx_word' id='word_1_34' title='bbox 339 1355 393 1382; x_wconf 84' lang='lat' dir='ltr'>has</span> 
     </span>
    </p>

    <p class='ocr_par' dir='ltr' id='par_1_4' title="bbox 183 1391 462 1495">
     <span class='ocr_line' id='line_1_16' title="bbox 207 1391 441 1418; baseline -0.009 0"><span class='ocrx_word' id='word_1_35' title='bbox 207 1392 324 1418; x_wconf 79' lang='lat' dir='ltr'>broken</span> <span class='ocrx_word' id='word_1_36' title='bbox 347 1400 361 1417; x_wconf 84' lang='lat' dir='ltr'>a</span> <span class='ocrx_word' id='word_1_37' title='bbox 383 1391 441 1417; x_wconf 86' lang='lat' dir='ltr'>law</span> 
     </span>
     <span class='ocr_line' id='line_1_17' title="bbox 183 1426 462 1454; baseline -0.004 -1"><span class='ocrx_word' id='word_1_38' title='bbox 183 1431 296 1454; x_wconf 83' lang='lat' dir='ltr'>cannot</span> <span class='ocrx_word' id='word_1_39' title='bbox 309 1426 398 1453; x_wconf 84' lang='lat' dir='ltr'>claim</span> <span class='ocrx_word' id='word_1_40' title='bbox 412 1426 462 1453; x_wconf 83' lang='lat' dir='ltr'>the</span> 
     </span>
     <span class='ocr_line' id='line_1_18' title="bbox 214 1461 436 1495; baseline -0.005 -7"><span class='ocrx_word' id='word_1_41' title='bbox 214 1462 325 1489; x_wconf 79' lang='lat' dir='ltr'>benetit</span> <span class='ocrx_word' id='word_1_42' title='bbox 346 1461 380 1487; x_wconf 80' lang='lat' dir='ltr'>os</span> <span class='ocrx_word' id='word_1_43' title='bbox 400 1462 436 1495; x_wconf 78' lang='lat' dir='ltr'>it3</span> 
     </span>
    </p>
   </div>
   <div class='ocr_carea' id='block_1_4' title="bbox 185 1813 458 1914">
    <p class='ocr_par' dir='ltr' id='par_1_5' title="bbox 185 1813 458 1914">
     <span class='ocr_line' id='line_1_19' title="bbox 185 1813 451 1847; baseline -0.011 -4"><span class='ocrx_word' id='word_1_44' title='bbox 185 1815 214 1847; x_wconf 73' lang='lat' dir='ltr'>b)</span> <span class='ocrx_word' id='word_1_45' title='bbox 244 1814 374 1842; x_wconf 77' lang='lat' dir='ltr'>Christ&#39;s</span> <span class='ocrx_word' id='word_1_46' title='bbox 394 1813 451 1841; x_wconf 81' lang='lat' dir='ltr'>law</span> 
     </span>
     <span class='ocr_line' id='line_1_20' title="bbox 197 1850 458 1885; baseline -0.011 -7"><span class='ocrx_word' id='word_1_47' title='bbox 197 1852 222 1878; x_wconf 84' lang='lat' dir='ltr'>is</span> <span class='ocrx_word' id='word_1_48' title='bbox 239 1858 275 1877; x_wconf 83' lang='lat' dir='ltr'>an</span> <span class='ocrx_word' id='word_1_49' title='bbox 292 1850 458 1885; x_wconf 56' lang='lat' dir='ltr'>adversar)-</span> 
     </span>
     <span class='ocr_line' id='line_1_21' title="bbox 204 1884 450 1914; baseline -0.008 -1"><span class='ocrx_word' id='word_1_50' title='bbox 204 1891 235 1913; x_wconf 86' lang='lat' dir='ltr'>to</span> <span class='ocrx_word' id='word_1_51' title='bbox 256 1886 305 1912; x_wconf 80' lang='lat' dir='ltr'>the</span> <span class='ocrx_word' id='word_1_52' title='bbox 328 1884 450 1914; x_wconf 72' lang='lat' dir='ltr'>simler:</span> 
     </span>
    </p>
   </div>
   <div class='ocr_carea' id='block_1_5' title="bbox 189 2445 465 2648">
    <p class='ocr_par' dir='ltr' id='par_1_6' title="bbox 189 2445 465 2648">
     <span class='ocr_line' id='line_1_22' title="bbox 189 2445 465 2481; baseline -0.004 -7"><span class='ocrx_word' id='word_1_53' title='bbox 189 2449 217 2479; x_wconf 88' lang='lat' dir='ltr'>c)</span> <span class='ocrx_word' id='word_1_54' title='bbox 241 2446 269 2474; x_wconf 85' lang='lat' dir='ltr'>in</span> <span class='ocrx_word' id='word_1_55' title='bbox 292 2445 465 2481; x_wconf 74' lang='lat' dir='ltr'>remaining</span> 
     </span>
     <span class='ocr_line' id='line_1_23' title="bbox 234 2482 422 2508; baseline 0 0"><span class='ocrx_word' id='word_1_56' title='bbox 234 2482 350 2508; x_wconf 83' lang='lat' dir='ltr'>wicked</span> <span class='ocrx_word' id='word_1_57' title='bbox 373 2482 422 2508; x_wconf 82' lang='lat' dir='ltr'>the</span> 
     </span>
     <span class='ocr_line' id='line_1_24' title="bbox 198 2517 456 2550; baseline -0.008 -7"><span class='ocrx_word' id='word_1_58' title='bbox 198 2518 322 2550; x_wconf 62' lang='lat' dir='ltr'>resugee</span> <span class='ocrx_word' id='word_1_59' title='bbox 343 2517 456 2543; x_wconf 75' lang='lat' dir='ltr'>abuses</span> 
     </span>
     <span class='ocr_line' id='line_1_25' title="bbox 220 2551 438 2586; baseline 0 -8"><span class='ocrx_word' id='word_1_60' title='bbox 220 2553 270 2578; x_wconf 84' lang='lat' dir='ltr'>the</span> <span class='ocrx_word' id='word_1_61' title='bbox 292 2551 438 2586; x_wconf 67' lang='lat' dir='ltr'>mlvilege</span> 
     </span>
     <span class='ocr_line' id='line_1_26' title="bbox 199 2586 453 2614; baseline -0.004 -1"><span class='ocrx_word' id='word_1_62' title='bbox 199 2588 258 2614; x_wconf 82' lang='lat' dir='ltr'>and</span> <span class='ocrx_word' id='word_1_63' title='bbox 280 2595 315 2613; x_wconf 90' lang='lat' dir='ltr'>so</span> <span class='ocrx_word' id='word_1_64' title='bbox 336 2586 453 2613; x_wconf 66' lang='lat' dir='ltr'>foriens</span> 
     </span>
     <span class='ocr_line' id='line_1_27' title="bbox 313 2627 342 2648; baseline -0.034 0"><span class='ocrx_word' id='word_1_65' title='bbox 313 2627 342 2648; x_wconf 75' lang='lat' dir='ltr'>lt.</span> 
     </span>
    </p>
   </div>
   <div class='ocr_carea' id='block_1_6' title="bbox 912 271 1795 332">
    <p class='ocr_par' dir='ltr' id='par_1_7' title="bbox 912 271 1795 332">
     <span class='ocr_line' id='line_1_28' title="bbox 912 271 1795 332; baseline -0.011 -11"><span class='ocrx_word' id='word_1_66' title='bbox 912 288 1137 321; x_wconf 80' lang='lat' dir='ltr'>JOHANNIS</span> <span class='ocrx_word' id='word_1_67' title='bbox 1164 288 1360 320; x_wconf 76' lang='lat' dir='ltr'><strong>WYCLIF.</strong></span> <span class='ocrx_word' id='word_1_68' title='bbox 1632 271 1737 332; x_wconf 81' lang='lat' dir='ltr'>[CAP.</span> <span class='ocrx_word' id='word_1_69' title='bbox 1760 285 1795 314; x_wconf 84' lang='lat' dir='ltr'>x.</span> 
     </span>
    </p>
   </div>
   <div class='ocr_carea' id='block_1_7' title="bbox 473 392 1949 448">
    <p class='ocr_par' dir='ltr' id='par_1_8' title="bbox 473 392 1949 448">
     <span class='ocr_line' id='line_1_29' title="bbox 473 392 1949 448; baseline 0.001 -12"><span class='ocrx_word' id='word_1_70' title='bbox 473 405 600 437; x_wconf 83' lang='lat' dir='ltr'>tatem</span> <span class='ocrx_word' id='word_1_71' title='bbox 646 395 827 435; x_wconf 84' lang='lat' dir='ltr'>aliorum</span> <span class='ocrx_word' id='word_1_72' title='bbox 872 395 943 448; x_wconf 89' lang='lat' dir='ltr'>qui</span> <span class='ocrx_word' id='word_1_73' title='bbox 989 402 1091 448; x_wconf 90' lang='lat' dir='ltr'>aput</span> <span class='ocrx_word' id='word_1_74' title='bbox 1137 393 1274 433; x_wconf 88' lang='lat' dir='ltr'>Deum</span> <span class='ocrx_word' id='word_1_75' title='bbox 1316 402 1413 432; x_wconf 90' lang='lat' dir='ltr'>sunt</span> <span class='ocrx_word' id='word_1_76' title='bbox 1461 392 1592 446; x_wconf 82' lang='lat' dir='ltr'>magis</span> <span class='ocrx_word' id='word_1_77' title='bbox 1638 392 1949 446; x_wconf 66' lang='lat' dir='ltr'>indigniioobR</span> 
     </span>
    </p>
   </div>
   <div class='ocr_carea' id='block_1_8' title="bbox 474 465 1863 2487">
    <p class='ocr_par' dir='ltr' id='par_1_9' title="bbox 475 465 1198 521">
     <span class='ocr_line' id='line_1_30' title="bbox 475 465 1198 521; baseline -0.006 -14"><span class='ocrx_word' id='word_1_78' title='bbox 475 481 524 507; x_wconf 89' lang='lat' dir='ltr'>eo</span> <span class='ocrx_word' id='word_1_79' title='bbox 559 467 674 521; x_wconf 89' lang='lat' dir='ltr'>quod</span> <span class='ocrx_word' id='word_1_80' title='bbox 708 465 873 520; x_wconf 80' lang='lat' dir='ltr'>gravius</span> <span class='ocrx_word' id='word_1_81' title='bbox 906 472 1198 519; x_wconf 86' lang='lat' dir='ltr'>peccaverunt.</span> 
     </span>
    </p>

    <p class='ocr_par' dir='ltr' id='par_1_10' title="bbox 474 533 1859 1151">
     <span class='ocr_line' id='line_1_31' title="bbox 533 533 1840 589; baseline -0.003 -13"><span class='ocrx_word' id='word_1_82' title='bbox 533 537 655 577; x_wconf 84' lang='lat' dir='ltr'><strong>Unde</strong></span> <span class='ocrx_word' id='word_1_83' title='bbox 700 536 813 589; x_wconf 86' lang='lat' dir='ltr'>leges</span> <span class='ocrx_word' id='word_1_84' title='bbox 851 535 990 576; x_wconf 83' lang='lat' dir='ltr'>civiles</span> <span class='ocrx_word' id='word_1_85' title='bbox 1031 548 1134 589; x_wconf 91' lang='lat' dir='ltr'>quas</span> <span class='ocrx_word' id='word_1_86' title='bbox 1168 534 1257 574; x_wconf 89' lang='lat' dir='ltr'>iura</span> <span class='ocrx_word' id='word_1_87' title='bbox 1296 533 1497 574; x_wconf 89' lang='lat' dir='ltr'>canonica</span> <span class='ocrx_word' id='word_1_88' title='bbox 1537 546 1623 573; x_wconf 91' lang='lat' dir='ltr'>non</span> <span class='ocrx_word' id='word_1_89' title='bbox 1655 546 1840 587; x_wconf 86' lang='lat' dir='ltr'>repro-3</span> 
     </span>
     <span class='ocr_line' id='line_1_32' title="bbox 474 603 1798 659; baseline -0.002 -13"><span class='ocrx_word' id='word_1_90' title='bbox 474 608 574 647; x_wconf 88' lang='lat' dir='ltr'>bant</span> <span class='ocrx_word' id='word_1_91' title='bbox 598 607 701 646; x_wconf 90' lang='lat' dir='ltr'>alios</span> <span class='ocrx_word' id='word_1_92' title='bbox 735 605 950 646; x_wconf 83' lang='lat' dir='ltr'>maleficos</span> <span class='ocrx_word' id='word_1_93' title='bbox 974 605 1217 659; x_wconf 85' lang='lat' dir='ltr'>exprimunt</span> <span class='ocrx_word' id='word_1_94' title='bbox 1250 613 1295 644; x_wconf 87' lang='lat' dir='ltr'>ut</span> <span class='ocrx_word' id='word_1_95' title='bbox 1317 603 1564 656; x_wconf 80' lang='lat' dir='ltr'>homicidas,</span> <span class='ocrx_word' id='word_1_96' title='bbox 1587 604 1798 644; x_wconf 89' lang='lat' dir='ltr'>adulteros</span> 
     </span>
     <span class='ocr_line' id='line_1_33' title="bbox 475 675 1832 730; baseline -0.003 -13"><span class='ocrx_word' id='word_1_97' title='bbox 475 686 514 717; x_wconf 90' lang='lat' dir='ltr'>et</span> <span class='ocrx_word' id='word_1_98' title='bbox 547 686 733 730; x_wconf 79' lang='lat' dir='ltr'>raptores</span> <span class='ocrx_word' id='word_1_99' title='bbox 765 676 980 729; x_wconf 83' lang='lat' dir='ltr'>virginum</span> <span class='ocrx_word' id='word_1_100' title='bbox 1013 690 1119 730; x_wconf 86' lang='lat' dir='ltr'>quos</span> <span class='ocrx_word' id='word_1_101' title='bbox 1155 675 1330 715; x_wconf 93' lang='lat' dir='ltr'>collacio</span> <span class='ocrx_word' id='word_1_102' title='bbox 1358 675 1482 715; x_wconf 88' lang='lat' dir='ltr'>tercia</span> <span class='ocrx_word' id='word_1_103' title='bbox 1515 675 1637 714; x_wconf 88' lang='lat' dir='ltr'>docet</span> <span class='ocrx_word' id='word_1_104' title='bbox 1667 683 1832 719; x_wconf 85' lang='lat' dir='ltr'>extra-5</span> 
     </span>
     <span class='ocr_line' id='line_1_34' title="bbox 474 746 1799 799; baseline -0.003 -12"><span class='ocrx_word' id='word_1_105' title='bbox 474 748 590 799; x_wconf 81' lang='lat' dir='ltr'>here3</span> <span class='ocrx_word' id='word_1_106' title='bbox 636 756 676 787; x_wconf 90' lang='lat' dir='ltr'>et</span> <span class='ocrx_word' id='word_1_107' title='bbox 717 747 830 786; x_wconf 86' lang='lat' dir='ltr'>idem</span> <span class='ocrx_word' id='word_1_108' title='bbox 882 746 1053 786; x_wconf 87' lang='lat' dir='ltr'>indubie</span> <span class='ocrx_word' id='word_1_109' title='bbox 1099 755 1159 786; x_wconf 90' lang='lat' dir='ltr'>est</span> <span class='ocrx_word' id='word_1_110' title='bbox 1205 746 1255 786; x_wconf 90' lang='lat' dir='ltr'>de</span> <span class='ocrx_word' id='word_1_111' title='bbox 1303 759 1560 799; x_wconf 84' lang='lat' dir='ltr'>quocunque</span> <span class='ocrx_word' id='word_1_112' title='bbox 1601 753 1799 798; x_wconf 83' lang='lat' dir='ltr'>peccante</span> 
     </span>
     <span class='ocr_line' id='line_1_35' title="bbox 474 814 1798 870; baseline -0.004 -12"><span class='ocrx_word' id='word_1_113' title='bbox 474 818 720 870; x_wconf 73' lang='lat' dir='ltr'>mortaliter,</span> <span class='ocrx_word' id='word_1_114' title='bbox 769 817 867 870; x_wconf 86' lang='lat' dir='ltr'>quia</span> <span class='ocrx_word' id='word_1_115' title='bbox 910 817 1051 856; x_wconf 89' lang='lat' dir='ltr'>omnis</span> <span class='ocrx_word' id='word_1_116' title='bbox 1090 816 1182 857; x_wconf 90' lang='lat' dir='ltr'>talis</span> <span class='ocrx_word' id='word_1_117' title='bbox 1216 825 1260 856; x_wconf 93' lang='lat' dir='ltr'>ut</span> <span class='ocrx_word' id='word_1_118' title='bbox 1299 816 1355 856; x_wconf 93' lang='lat' dir='ltr'>sic</span> <span class='ocrx_word' id='word_1_119' title='bbox 1398 824 1458 855; x_wconf 90' lang='lat' dir='ltr'>est</span> <span class='ocrx_word' id='word_1_120' title='bbox 1496 815 1690 855; x_wconf 88' lang='lat' dir='ltr'>inimicus</span> <span class='ocrx_word' id='word_1_121' title='bbox 1723 814 1798 854; x_wconf 92' lang='lat' dir='ltr'>Dei</span> 
     </span>
     <span class='ocr_line' id='line_1_36' title="bbox 474 884 1800 940; baseline -0.005 -11"><span class='ocrx_word' id='word_1_122' title='bbox 474 899 513 929; x_wconf 92' lang='lat' dir='ltr'>et</span> <span class='ocrx_word' id='word_1_123' title='bbox 545 897 684 929; x_wconf 85' lang='lat' dir='ltr'>sancte</span> <span class='ocrx_word' id='word_1_124' title='bbox 707 887 850 927; x_wconf 87' lang='lat' dir='ltr'>matris</span> <span class='ocrx_word' id='word_1_125' title='bbox 874 887 1059 939; x_wconf 83' lang='lat' dir='ltr'>ecclesie,</span> <span class='ocrx_word' id='word_1_126' title='bbox 1093 897 1139 927; x_wconf 88' lang='lat' dir='ltr'>ut</span> <span class='ocrx_word' id='word_1_127' title='bbox 1173 896 1286 940; x_wconf 86' lang='lat' dir='ltr'>patet</span> <span class='ocrx_word' id='word_1_128' title='bbox 1309 886 1477 938; x_wconf 68' lang='lat' dir='ltr'>XXllla,</span> <span class='ocrx_word' id='word_1_129' title='bbox 1502 900 1540 939; x_wconf 86' lang='lat' dir='ltr'>q.</span> <span class='ocrx_word' id='word_1_130' title='bbox 1576 886 1650 927; x_wconf 81' lang='lat' dir='ltr'>IVa</span> <span class='ocrx_word' id='word_1_131' title='bbox 1675 884 1800 940; x_wconf 88' lang='lat' dir='ltr'>(sicut</span> 
     </span>
     <span class='ocr_line' id='line_1_37' title="bbox 474 955 1797 1012; baseline -0.004 -13"><span class='ocrx_word' id='word_1_132' title='bbox 474 959 639 999; x_wconf 74' lang='lat' dir='ltr'>recitavi</span> <span class='ocrx_word' id='word_1_133' title='bbox 670 958 862 1012; x_wconf 90' lang='lat' dir='ltr'>superius</span> <span class='ocrx_word' id='word_1_134' title='bbox 884 958 927 997; x_wconf 92' lang='lat' dir='ltr'>in</span> <span class='ocrx_word' id='word_1_135' title='bbox 951 956 1033 996; x_wconf 90' lang='lat' dir='ltr'>fine</span> <span class='ocrx_word' id='word_1_136' title='bbox 1056 957 1238 1010; x_wconf 82' lang='lat' dir='ltr'>proximi</span> <span class='ocrx_word' id='word_1_137' title='bbox 1261 955 1466 1010; x_wconf 86' lang='lat' dir='ltr'>capituli).</span> <span class='ocrx_word' id='word_1_138' title='bbox 1504 957 1613 995; x_wconf 88' lang='lat' dir='ltr'>Nam</span> <span class='ocrx_word' id='word_1_139' title='bbox 1642 956 1797 995; x_wconf 85' lang='lat' dir='ltr'>distan—</span> 
     </span>
     <span class='ocr_line' id='line_1_38' title="bbox 476 1026 1859 1083; baseline -0.004 -13"><span class='ocrx_word' id='word_1_140' title='bbox 476 1030 537 1070; x_wconf 90' lang='lat' dir='ltr'>cia</span> <span class='ocrx_word' id='word_1_141' title='bbox 579 1029 660 1070; x_wconf 92' lang='lat' dir='ltr'>loci</span> <span class='ocrx_word' id='word_1_142' title='bbox 694 1043 780 1069; x_wconf 88' lang='lat' dir='ltr'>non</span> <span class='ocrx_word' id='word_1_143' title='bbox 814 1029 993 1083; x_wconf 87' lang='lat' dir='ltr'>impedit</span> <span class='ocrx_word' id='word_1_144' title='bbox 1025 1028 1128 1082; x_wconf 84' lang='lat' dir='ltr'>quin</span> <span class='ocrx_word' id='word_1_145' title='bbox 1160 1041 1338 1081; x_wconf 83' lang='lat' dir='ltr'>peccans</span> <span class='ocrx_word' id='word_1_146' title='bbox 1371 1027 1555 1067; x_wconf 85' lang='lat' dir='ltr'>offendat</span> <span class='ocrx_word' id='word_1_147' title='bbox 1586 1027 1628 1065; x_wconf 91' lang='lat' dir='ltr'>in</span> <span class='ocrx_word' id='word_1_148' title='bbox 1662 1026 1800 1065; x_wconf 87' lang='lat' dir='ltr'>Deum</span> <span class='ocrx_word' id='word_1_149' title='bbox 1821 1047 1859 1069; x_wconf 83' lang='lat'>10</span> 
     </span>
     <span class='ocr_line' id='line_1_39' title="bbox 476 1097 1589 1151; baseline -0.004 -11"><span class='ocrx_word' id='word_1_150' title='bbox 476 1109 515 1140; x_wconf 89' lang='lat' dir='ltr'>et</span> <span class='ocrx_word' id='word_1_151' title='bbox 547 1099 763 1140; x_wconf 86' lang='lat' dir='ltr'>subtrahat</span> <span class='ocrx_word' id='word_1_152' title='bbox 796 1100 846 1139; x_wconf 89' lang='lat' dir='ltr'>ab</span> <span class='ocrx_word' id='word_1_153' title='bbox 880 1098 1051 1139; x_wconf 88' lang='lat' dir='ltr'>ecclesia</span> <span class='ocrx_word' id='word_1_154' title='bbox 1084 1097 1298 1151; x_wconf 84' lang='lat' dir='ltr'>spirituale</span> <span class='ocrx_word' id='word_1_155' title='bbox 1331 1097 1589 1149; x_wconf 81' lang='lat' dir='ltr'>suffragium.</span> 
     </span>
    </p>

    <p class='ocr_par' dir='ltr' id='par_1_11' title="bbox 477 1165 1863 1787">
     <span class='ocr_line' id='line_1_40' title="bbox 534 1165 1802 1224; baseline -0.005 -14"><span class='ocrx_word' id='word_1_156' title='bbox 534 1171 632 1210; x_wconf 89' lang='lat' dir='ltr'>Ideo</span> <span class='ocrx_word' id='word_1_157' title='bbox 665 1170 908 1224; x_wconf 81' lang='lat' dir='ltr'>ubicunque</span> <span class='ocrx_word' id='word_1_158' title='bbox 942 1169 1019 1209; x_wconf 91' lang='lat' dir='ltr'>sub</span> <span class='ocrx_word' id='word_1_159' title='bbox 1052 1168 1150 1208; x_wconf 80' lang='lat' dir='ltr'>divo</span> <span class='ocrx_word' id='word_1_160' title='bbox 1183 1167 1276 1222; x_wconf 85' lang='lat' dir='ltr'>quis</span> <span class='ocrx_word' id='word_1_161' title='bbox 1308 1167 1441 1221; x_wconf 85' lang='lat' dir='ltr'>magis</span> <span class='ocrx_word' id='word_1_162' title='bbox 1481 1165 1713 1218; x_wconf 83' lang='lat' dir='ltr'>offenderit,</span> <span class='ocrx_word' id='word_1_163' title='bbox 1752 1166 1802 1205; x_wconf 91' lang='lat' dir='ltr'>de</span> 
     </span>
     <span class='ocr_line' id='line_1_41' title="bbox 478 1235 1801 1293; baseline -0.005 -12"><span class='ocrx_word' id='word_1_164' title='bbox 478 1250 596 1281; x_wconf 88' lang='lat' dir='ltr'>tanto</span> <span class='ocrx_word' id='word_1_165' title='bbox 631 1240 818 1280; x_wconf 86' lang='lat' dir='ltr'>redditur</span> <span class='ocrx_word' id='word_1_166' title='bbox 850 1239 983 1293; x_wconf 83' lang='lat' dir='ltr'>magis</span> <span class='ocrx_word' id='word_1_167' title='bbox 1006 1237 1200 1278; x_wconf 89' lang='lat' dir='ltr'>inhabilis</span> <span class='ocrx_word' id='word_1_168' title='bbox 1233 1239 1284 1276; x_wconf 88' lang='lat' dir='ltr'>ad</span> <span class='ocrx_word' id='word_1_169' title='bbox 1308 1236 1627 1290; x_wconf 89' lang='lat' dir='ltr'>percipiendum</span> <span class='ocrx_word' id='word_1_170' title='bbox 1659 1235 1801 1275; x_wconf 90' lang='lat' dir='ltr'>defen-</span> 
     </span>
     <span class='ocr_line' id='line_1_42' title="bbox 478 1306 1844 1362; baseline -0.004 -12"><span class='ocrx_word' id='word_1_171' title='bbox 478 1311 641 1351; x_wconf 87' lang='lat' dir='ltr'>sionem</span> <span class='ocrx_word' id='word_1_172' title='bbox 674 1310 858 1351; x_wconf 86' lang='lat' dir='ltr'>ecclesie.</span> <span class='ocrx_word' id='word_1_173' title='bbox 893 1310 1022 1359; x_wconf 89' lang='lat' dir='ltr'>Quod</span> <span class='ocrx_word' id='word_1_174' title='bbox 1056 1308 1259 1362; x_wconf 87' lang='lat' dir='ltr'>probatur</span> <span class='ocrx_word' id='word_1_175' title='bbox 1290 1307 1526 1362; x_wconf 85' lang='lat' dir='ltr'>tripliciter:</span> <span class='ocrx_word' id='word_1_176' title='bbox 1559 1306 1698 1360; x_wconf 90' lang='lat' dir='ltr'>primo</span> <span class='ocrx_word' id='word_1_177' title='bbox 1730 1319 1844 1360; x_wconf 74' lang='lat' dir='ltr'>pera</span> 
     </span>
     <span class='ocr_line' id='line_1_43' title="bbox 478 1377 1860 1435; baseline -0.003 -13"><span class='ocrx_word' id='word_1_178' title='bbox 478 1382 558 1422; x_wconf 92' lang='lat' dir='ltr'>hoc</span> <span class='ocrx_word' id='word_1_179' title='bbox 582 1382 697 1435; x_wconf 86' lang='lat' dir='ltr'>quod</span> <span class='ocrx_word' id='word_1_180' title='bbox 722 1381 955 1421; x_wconf 91' lang='lat' dir='ltr'>secundum</span> <span class='ocrx_word' id='word_1_181' title='bbox 980 1380 1170 1433; x_wconf 84' lang='lat' dir='ltr'>regulam</span> <span class='ocrx_word' id='word_1_182' title='bbox 1192 1378 1291 1418; x_wconf 87' lang='lat' dir='ltr'>iuris</span> <span class='ocrx_word' id='word_1_183' title='bbox 1315 1392 1389 1432; x_wconf 89' lang='lat' dir='ltr'>per</span> <span class='ocrx_word' id='word_1_184' title='bbox 1417 1392 1459 1418; x_wconf 93' lang='lat' dir='ltr'>se</span> <span class='ocrx_word' id='word_1_185' title='bbox 1483 1386 1630 1418; x_wconf 89' lang='lat' dir='ltr'>notam</span> <span class='ocrx_word' id='word_1_186' title='bbox 1653 1377 1803 1416; x_wconf 87' lang='lat' dir='ltr'>frustra</span> <span class='ocrx_word' id='word_1_187' title='bbox 1824 1388 1860 1421; x_wconf 79' lang='lat'>15</span> 
     </span>
     <span class='ocr_line' id='line_1_44' title="bbox 478 1447 1802 1504; baseline -0.003 -14"><span class='ocrx_word' id='word_1_188' title='bbox 478 1452 645 1492; x_wconf 86' lang='lat' dir='ltr'>invocat</span> <span class='ocrx_word' id='word_1_189' title='bbox 676 1451 778 1504; x_wconf 81' lang='lat' dir='ltr'>legis</span> <span class='ocrx_word' id='word_1_190' title='bbox 801 1451 1006 1491; x_wconf 83' lang='lat' dir='ltr'>auxilium</span> <span class='ocrx_word' id='word_1_191' title='bbox 1039 1449 1111 1504; x_wconf 86' lang='lat' dir='ltr'>qui</span> <span class='ocrx_word' id='word_1_192' title='bbox 1144 1448 1319 1489; x_wconf 82' lang='lat' dir='ltr'>offendit</span> <span class='ocrx_word' id='word_1_193' title='bbox 1347 1449 1388 1488; x_wconf 86' lang='lat' dir='ltr'>in</span> <span class='ocrx_word' id='word_1_194' title='bbox 1421 1449 1573 1502; x_wconf 81' lang='lat' dir='ltr'>legem,</span> <span class='ocrx_word' id='word_1_195' title='bbox 1607 1448 1677 1487; x_wconf 90' lang='lat' dir='ltr'>sed</span> <span class='ocrx_word' id='word_1_196' title='bbox 1711 1447 1802 1487; x_wconf 89' lang='lat' dir='ltr'>talis</span> 
     </span>
     <span class='ocr_line' id='line_1_45' title="bbox 478 1518 1805 1572; baseline -0.004 -10"><span class='ocrx_word' id='word_1_197' title='bbox 478 1536 653 1562; x_wconf 87' lang='lat' dir='ltr'>manens</span> <span class='ocrx_word' id='word_1_198' title='bbox 677 1521 940 1561; x_wconf 88' lang='lat' dir='ltr'>facinorosus</span> <span class='ocrx_word' id='word_1_199' title='bbox 971 1519 1146 1560; x_wconf 87' lang='lat' dir='ltr'>offendit</span> <span class='ocrx_word' id='word_1_200' title='bbox 1169 1519 1211 1558; x_wconf 91' lang='lat' dir='ltr'>in</span> <span class='ocrx_word' id='word_1_201' title='bbox 1244 1519 1383 1572; x_wconf 86' lang='lat' dir='ltr'>legem</span> <span class='ocrx_word' id='word_1_202' title='bbox 1406 1518 1576 1558; x_wconf 88' lang='lat' dir='ltr'>ecclesie</span> <span class='ocrx_word' id='word_1_203' title='bbox 1608 1526 1648 1557; x_wconf 92' lang='lat' dir='ltr'>et</span> <span class='ocrx_word' id='word_1_204' title='bbox 1670 1526 1805 1557; x_wconf 83' lang='lat' dir='ltr'>totam</span> 
     </span>
     <span class='ocr_line' id='line_1_46' title="bbox 477 1587 1803 1643; baseline -0.004 -11"><span class='ocrx_word' id='word_1_205' title='bbox 477 1601 664 1633; x_wconf 85' lang='lat' dir='ltr'>sanctam</span> <span class='ocrx_word' id='word_1_206' title='bbox 688 1600 870 1631; x_wconf 86' lang='lat' dir='ltr'>matrem</span> <span class='ocrx_word' id='word_1_207' title='bbox 893 1590 1125 1642; x_wconf 89' lang='lat' dir='ltr'>ecclesiam,</span> <span class='ocrx_word' id='word_1_208' title='bbox 1160 1603 1259 1643; x_wconf 87' lang='lat' dir='ltr'>ergo</span> <span class='ocrx_word' id='word_1_209' title='bbox 1284 1589 1434 1630; x_wconf 89' lang='lat' dir='ltr'>frustra</span> <span class='ocrx_word' id='word_1_210' title='bbox 1456 1588 1625 1628; x_wconf 91' lang='lat' dir='ltr'>invocat</span> <span class='ocrx_word' id='word_1_211' title='bbox 1658 1587 1803 1627; x_wconf 87' lang='lat' dir='ltr'>suffra-</span> 
     </span>
     <span class='ocr_line' id='line_1_47' title="bbox 477 1659 1803 1716; baseline -0.004 -14"><span class='ocrx_word' id='word_1_212' title='bbox 477 1663 594 1716; x_wconf 85' lang='lat' dir='ltr'>gium</span> <span class='ocrx_word' id='word_1_213' title='bbox 626 1663 769 1716; x_wconf 87' lang='lat' dir='ltr'>legum</span> <span class='ocrx_word' id='word_1_214' title='bbox 794 1661 978 1709; x_wconf 86' lang='lat' dir='ltr'>ecclesie,</span> <span class='ocrx_word' id='word_1_215' title='bbox 1013 1674 1111 1700; x_wconf 89' lang='lat' dir='ltr'>cum</span> <span class='ocrx_word' id='word_1_216' title='bbox 1143 1674 1191 1700; x_wconf 89' lang='lat' dir='ltr'>ex</span> <span class='ocrx_word' id='word_1_217' title='bbox 1225 1660 1349 1713; x_wconf 88' lang='lat' dir='ltr'>culpa</span> <span class='ocrx_word' id='word_1_218' title='bbox 1378 1673 1451 1699; x_wconf 88' lang='lat' dir='ltr'>sua</span> <span class='ocrx_word' id='word_1_219' title='bbox 1484 1673 1558 1713; x_wconf 91' lang='lat' dir='ltr'>per</span> <span class='ocrx_word' id='word_1_220' title='bbox 1589 1659 1803 1698; x_wconf 88' lang='lat' dir='ltr'>decretum</span> 
     </span>
     <span class='ocr_line' id='line_1_48' title="bbox 478 1729 1863 1787; baseline -0.003 -15"><span class='ocrx_word' id='word_1_221' title='bbox 478 1733 621 1787; x_wconf 85' lang='lat' dir='ltr'>sponsi</span> <span class='ocrx_word' id='word_1_222' title='bbox 656 1734 707 1772; x_wconf 88' lang='lat' dir='ltr'>ad</span> <span class='ocrx_word' id='word_1_223' title='bbox 740 1732 880 1785; x_wconf 88' lang='lat' dir='ltr'>ipsum</span> <span class='ocrx_word' id='word_1_224' title='bbox 912 1731 1099 1771; x_wconf 89' lang='lat' dir='ltr'>redditur</span> <span class='ocrx_word' id='word_1_225' title='bbox 1130 1739 1217 1770; x_wconf 83' lang='lat' dir='ltr'>tam</span> <span class='ocrx_word' id='word_1_226' title='bbox 1251 1729 1465 1783; x_wconf 88' lang='lat' dir='ltr'>indignus.</span> <span class='ocrx_word' id='word_1_227' title='bbox 1821 1747 1863 1769; x_wconf 87' lang='lat'>20</span> 
     </span>
    </p>

    <p class='ocr_par' dir='ltr' id='par_1_12' title="bbox 479 1798 1863 2418">
     <span class='ocr_line' id='line_1_49' title="bbox 537 1798 1845 1855; baseline -0.005 -11"><span class='ocrx_word' id='word_1_228' title='bbox 537 1804 654 1855; x_wconf 87' lang='lat' dir='ltr'>Item,</span> <span class='ocrx_word' id='word_1_229' title='bbox 688 1802 925 1842; x_wconf 87' lang='lat' dir='ltr'>secundum</span> <span class='ocrx_word' id='word_1_230' title='bbox 955 1800 1213 1841; x_wconf 87' lang='lat' dir='ltr'>sentenciam</span> <span class='ocrx_word' id='word_1_231' title='bbox 1237 1799 1390 1840; x_wconf 91' lang='lat' dir='ltr'>Christi</span> <span class='ocrx_word' id='word_1_232' title='bbox 1426 1798 1598 1839; x_wconf 87' lang='lat' dir='ltr'>Matthei</span> <span class='ocrx_word' id='word_1_233' title='bbox 1631 1800 1702 1850; x_wconf 88' lang='lat' dir='ltr'>V0,</span> <span class='ocrx_word' id='word_1_234' title='bbox 1739 1799 1845 1849; x_wconf 55' lang='lat'><strong>2551&gt;</strong></span> 
     </span>
     <span class='ocr_line' id='line_1_50' title="bbox 480 1868 1804 1926; baseline -0.005 -12"><span class='ocrx_word' id='word_1_235' title='bbox 480 1887 645 1914; x_wconf 90' lang='lat' dir='ltr'>necesse</span> <span class='ocrx_word' id='word_1_236' title='bbox 691 1882 752 1913; x_wconf 89' lang='lat' dir='ltr'>est</span> <span class='ocrx_word' id='word_1_237' title='bbox 784 1873 921 1926; x_wconf 83' lang='lat' dir='ltr'>legem</span> <span class='ocrx_word' id='word_1_238' title='bbox 954 1871 1109 1912; x_wconf 80' lang='lat' dir='ltr'>Christi</span> <span class='ocrx_word' id='word_1_239' title='bbox 1151 1884 1240 1910; x_wconf 90' lang='lat' dir='ltr'>esse</span> <span class='ocrx_word' id='word_1_240' title='bbox 1277 1869 1554 1909; x_wconf 87' lang='lat' dir='ltr'>adversariam</span> <span class='ocrx_word' id='word_1_241' title='bbox 1595 1868 1804 1922; x_wconf 88' lang='lat' dir='ltr'>peccatori</span> 
     </span>
     <span class='ocr_line' id='line_1_51' title="bbox 481 1939 1804 1995; baseline -0.005 -11"><span class='ocrx_word' id='word_1_242' title='bbox 481 1954 520 1985; x_wconf 89' lang='lat' dir='ltr'>et</span> <span class='ocrx_word' id='word_1_243' title='bbox 568 1952 836 1984; x_wconf 80' lang='lat' dir='ltr'>accusantem</span> <span class='ocrx_word' id='word_1_244' title='bbox 882 1956 980 1982; x_wconf 89' lang='lat' dir='ltr'>eum</span> <span class='ocrx_word' id='word_1_245' title='bbox 1025 1940 1230 1995; x_wconf 84' lang='lat' dir='ltr'>quamdiu</span> <span class='ocrx_word' id='word_1_246' title='bbox 1279 1939 1486 1979; x_wconf 90' lang='lat' dir='ltr'>sorduerit</span> <span class='ocrx_word' id='word_1_247' title='bbox 1530 1939 1573 1978; x_wconf 90' lang='lat' dir='ltr'>in</span> <span class='ocrx_word' id='word_1_248' title='bbox 1612 1947 1804 1992; x_wconf 87' lang='lat' dir='ltr'>peccato:</span> 
     </span>
     <span class='ocr_line' id='line_1_52' title="bbox 481 2009 1807 2067; baseline -0.005 -13"><span class='ocrx_word' id='word_1_249' title='bbox 481 2015 599 2063; x_wconf 84' lang='lat' dir='ltr'>Esto,</span> <span class='ocrx_word' id='word_1_250' title='bbox 624 2013 776 2067; x_wconf 85' lang='lat' dir='ltr'>inquit,</span> <span class='ocrx_word' id='word_1_251' title='bbox 810 2012 1087 2052; x_wconf 79' lang='lat' dir='ltr'>consenciens</span> <span class='ocrx_word' id='word_1_252' title='bbox 1109 2010 1361 2051; x_wconf 78' lang='lat' dir='ltr'>adversario</span> <span class='ocrx_word' id='word_1_253' title='bbox 1386 2015 1457 2049; x_wconf 89' lang='lat' dir='ltr'>tuo</span> <span class='ocrx_word' id='word_1_254' title='bbox 1490 2010 1584 2059; x_wconf 85' lang='lat' dir='ltr'>cito,</span> <span class='ocrx_word' id='word_1_255' title='bbox 1625 2009 1727 2049; x_wconf 85' lang='lat' dir='ltr'>dum</span> <span class='ocrx_word' id='word_1_256' title='bbox 1761 2021 1807 2049; x_wconf 83' lang='lat' dir='ltr'>es</span> 
     </span>
     <span class='ocr_line' id='line_1_53' title="bbox 479 2079 1863 2135; baseline -0.004 -10"><span class='ocrx_word' id='word_1_257' title='bbox 479 2086 523 2126; x_wconf 87' lang='lat' dir='ltr'>in</span> <span class='ocrx_word' id='word_1_258' title='bbox 555 2086 624 2125; x_wconf 78' lang='lat' dir='ltr'>via</span> <span class='ocrx_word' id='word_1_259' title='bbox 653 2098 747 2124; x_wconf 86' lang='lat' dir='ltr'>cum</span> <span class='ocrx_word' id='word_1_260' title='bbox 782 2083 870 2125; x_wconf 87' lang='lat' dir='ltr'>illo.</span> <span class='ocrx_word' id='word_1_261' title='bbox 907 2081 1019 2122; x_wconf 90' lang='lat' dir='ltr'>Cum</span> <span class='ocrx_word' id='word_1_262' title='bbox 1053 2095 1152 2135; x_wconf 87' lang='lat' dir='ltr'>ergo</span> <span class='ocrx_word' id='word_1_263' title='bbox 1185 2080 1249 2120; x_wconf 88' lang='lat' dir='ltr'>lex</span> <span class='ocrx_word' id='word_1_264' title='bbox 1274 2079 1428 2120; x_wconf 88' lang='lat' dir='ltr'>Christi</span> <span class='ocrx_word' id='word_1_265' title='bbox 1462 2079 1687 2119; x_wconf 83' lang='lat' dir='ltr'>mitissima</span> <span class='ocrx_word' id='word_1_266' title='bbox 1719 2092 1806 2118; x_wconf 92' lang='lat' dir='ltr'>non</span> <span class='ocrx_word' id='word_1_267' title='bbox 1824 2088 1863 2121; x_wconf 80' lang='lat'>25</span> 
     </span>
     <span class='ocr_line' id='line_1_54' title="bbox 483 2148 1806 2205; baseline -0.006 -10"><span class='ocrx_word' id='word_1_268' title='bbox 483 2163 651 2195; x_wconf 87' lang='lat' dir='ltr'>excusat</span> <span class='ocrx_word' id='word_1_269' title='bbox 683 2155 754 2194; x_wconf 90' lang='lat' dir='ltr'>sed</span> <span class='ocrx_word' id='word_1_270' title='bbox 787 2161 966 2205; x_wconf 85' lang='lat' dir='ltr'>accusat,</span> <span class='ocrx_word' id='word_1_271' title='bbox 1012 2165 1099 2191; x_wconf 90' lang='lat' dir='ltr'>non</span> <span class='ocrx_word' id='word_1_272' title='bbox 1132 2150 1313 2204; x_wconf 88' lang='lat' dir='ltr'>protegit</span> <span class='ocrx_word' id='word_1_273' title='bbox 1351 2150 1424 2189; x_wconf 88' lang='lat' dir='ltr'>sed</span> <span class='ocrx_word' id='word_1_274' title='bbox 1455 2148 1610 2202; x_wconf 89' lang='lat' dir='ltr'>prodit,</span> <span class='ocrx_word' id='word_1_275' title='bbox 1657 2162 1806 2188; x_wconf 87' lang='lat' dir='ltr'>omnes</span> 
     </span>
     <span class='ocr_line' id='line_1_55' title="bbox 481 2218 1808 2274; baseline -0.007 -9"><span class='ocrx_word' id='word_1_276' title='bbox 481 2225 582 2265; x_wconf 90' lang='lat' dir='ltr'>tales</span> <span class='ocrx_word' id='word_1_277' title='bbox 623 2225 725 2265; x_wconf 90' lang='lat' dir='ltr'>dum</span> <span class='ocrx_word' id='word_1_278' title='bbox 763 2222 996 2263; x_wconf 84' lang='lat' dir='ltr'>manserint</span> <span class='ocrx_word' id='word_1_279' title='bbox 1028 2221 1168 2274; x_wconf 88' lang='lat' dir='ltr'>primo</span> <span class='ocrx_word' id='word_1_280' title='bbox 1200 2218 1373 2273; x_wconf 83' lang='lat' dir='ltr'>legifero</span> <span class='ocrx_word' id='word_1_281' title='bbox 1405 2218 1578 2269; x_wconf 88' lang='lat' dir='ltr'>inimici,</span> <span class='ocrx_word' id='word_1_282' title='bbox 1619 2218 1808 2272; x_wconf 87' lang='lat' dir='ltr'>sequitur</span> 
     </span>
     <span class='ocr_line' id='line_1_56' title="bbox 480 2288 1806 2349; baseline -0.005 -15"><span class='ocrx_word' id='word_1_283' title='bbox 480 2295 595 2349; x_wconf 86' lang='lat' dir='ltr'>quod</span> <span class='ocrx_word' id='word_1_284' title='bbox 640 2307 788 2333; x_wconf 88' lang='lat' dir='ltr'>omnes</span> <span class='ocrx_word' id='word_1_285' title='bbox 842 2293 953 2345; x_wconf 87' lang='lat' dir='ltr'>leges</span> <span class='ocrx_word' id='word_1_286' title='bbox 1006 2291 1249 2331; x_wconf 86' lang='lat' dir='ltr'>ancillantes</span> <span class='ocrx_word' id='word_1_287' title='bbox 1295 2288 1465 2330; x_wconf 91' lang='lat' dir='ltr'>Christo</span> <span class='ocrx_word' id='word_1_288' title='bbox 1516 2301 1603 2328; x_wconf 90' lang='lat' dir='ltr'>non</span> <span class='ocrx_word' id='word_1_289' title='bbox 1652 2288 1806 2328; x_wconf 87' lang='lat' dir='ltr'>debent</span> 
     </span>
     <span class='ocr_line' id='line_1_57' title="bbox 479 2358 1698 2418; baseline -0.006 -14"><span class='ocrx_word' id='word_1_290' title='bbox 479 2378 705 2418; x_wconf 86' lang='lat' dir='ltr'>procurare</span> <span class='ocrx_word' id='word_1_291' title='bbox 738 2362 1029 2403; x_wconf 86' lang='lat' dir='ltr'>defensionem</span> <span class='ocrx_word' id='word_1_292' title='bbox 1066 2361 1197 2402; x_wconf 89' lang='lat' dir='ltr'>hostis</span> <span class='ocrx_word' id='word_1_293' title='bbox 1231 2359 1404 2401; x_wconf 91' lang='lat' dir='ltr'>ecclesie</span> <span class='ocrx_word' id='word_1_294' title='bbox 1436 2358 1478 2398; x_wconf 91' lang='lat' dir='ltr'>in</span> <span class='ocrx_word' id='word_1_295' title='bbox 1510 2366 1698 2412; x_wconf 86' lang='lat' dir='ltr'>peccato.</span> 
     </span>
    </p>

    <p class='ocr_par' dir='ltr' id='par_1_13' title="bbox 540 2425 1843 2487">
     <span class='ocr_line' id='line_1_58' title="bbox 540 2425 1843 2487; baseline -0.007 -12"><span class='ocrx_word' id='word_1_296' title='bbox 540 2436 657 2487; x_wconf 83' lang='lat' dir='ltr'>Item,</span> <span class='ocrx_word' id='word_1_297' title='bbox 687 2436 922 2475; x_wconf 80' lang='lat' dir='ltr'>secundum</span> <span class='ocrx_word' id='word_1_298' title='bbox 945 2434 1117 2473; x_wconf 87' lang='lat' dir='ltr'>beatum</span> <span class='ocrx_word' id='word_1_299' title='bbox 1142 2431 1396 2484; x_wconf 83' lang='lat' dir='ltr'>Gregorium</span> <span class='ocrx_word' id='word_1_300' title='bbox 1429 2428 1495 2485; x_wconf 85' lang='lat' dir='ltr'>(ut</span> <span class='ocrx_word' id='word_1_301' title='bbox 1518 2443 1614 2482; x_wconf 86' lang='lat' dir='ltr'>sepe</span> <span class='ocrx_word' id='word_1_302' title='bbox 1637 2425 1805 2481; x_wconf 87' lang='lat' dir='ltr'>repecii)</span> <span class='ocrx_word' id='word_1_303' title='bbox 1822 2447 1843 2472; x_wconf 83' lang='lat'>0</span> 
     </span>
    </p>
   </div>
   <div class='ocr_carea' id='block_1_9' title="bbox 472 2499 1804 2559">
    <p class='ocr_par' dir='ltr' id='par_1_14' title="bbox 472 2499 1804 2559">
     <span class='ocr_line' id='line_1_59' title="bbox 472 2499 1804 2559; baseline -0.007 -14"><span class='ocrx_word' id='word_1_304' title='bbox 472 2505 752 2559; x_wconf 71' lang='lat' dir='ltr'>privilegium</span> <span class='ocrx_word' id='word_1_305' title='bbox 788 2505 959 2545; x_wconf 82' lang='lat' dir='ltr'>omnino</span> <span class='ocrx_word' id='word_1_306' title='bbox 991 2503 1114 2543; x_wconf 82' lang='lat' dir='ltr'>debet</span> <span class='ocrx_word' id='word_1_307' title='bbox 1145 2504 1339 2542; x_wconf 75' lang='lat' dir='ltr'>amittere</span> <span class='ocrx_word' id='word_1_308' title='bbox 1373 2501 1445 2554; x_wconf 84' lang='lat' dir='ltr'>qui</span> <span class='ocrx_word' id='word_1_309' title='bbox 1475 2500 1558 2540; x_wconf 79' lang='lat' dir='ltr'>sibi</span> <span class='ocrx_word' id='word_1_310' title='bbox 1584 2499 1804 2551; x_wconf 76' lang='lat' dir='ltr'>permissa</span> 
     </span>
    </p>
   </div>
   <div class='ocr_carea' id='block_1_10' title="bbox 479 2568 1806 2768">
    <p class='ocr_par' dir='ltr' id='par_1_15' title="bbox 479 2568 1806 2768">
     <span class='ocr_line' id='line_1_60' title="bbox 479 2568 1803 2627; baseline -0.008 -11"><span class='ocrx_word' id='word_1_311' title='bbox 479 2576 670 2616; x_wconf 84' lang='lat' dir='ltr'>abutitur</span> <span class='ocrx_word' id='word_1_312' title='bbox 695 2582 919 2627; x_wconf 80' lang='lat' dir='ltr'>potestate,</span> <span class='ocrx_word' id='word_1_313' title='bbox 953 2574 1023 2613; x_wconf 90' lang='lat' dir='ltr'>sed</span> <span class='ocrx_word' id='word_1_314' title='bbox 1048 2573 1188 2612; x_wconf 87' lang='lat' dir='ltr'>omnis</span> <span class='ocrx_word' id='word_1_315' title='bbox 1212 2585 1387 2612; x_wconf 89' lang='lat' dir='ltr'>manens</span> <span class='ocrx_word' id='word_1_316' title='bbox 1412 2569 1674 2609; x_wconf 86' lang='lat' dir='ltr'>facinorosus</span> <span class='ocrx_word' id='word_1_317' title='bbox 1698 2568 1803 2606; x_wconf 81' lang='lat' dir='ltr'>intra</span> 
     </span>
     <span class='ocr_line' id='line_1_61' title="bbox 481 2638 1806 2697; baseline -0.008 -12"><span class='ocrx_word' id='word_1_318' title='bbox 481 2646 623 2685; x_wconf 85' lang='lat' dir='ltr'>locum</span> <span class='ocrx_word' id='word_1_319' title='bbox 638 2645 783 2697; x_wconf 84' lang='lat' dir='ltr'>refugii</span> <span class='ocrx_word' id='word_1_320' title='bbox 801 2653 972 2697; x_wconf 84' lang='lat' dir='ltr'>propter</span> <span class='ocrx_word' id='word_1_321' title='bbox 986 2643 1252 2683; x_wconf 87' lang='lat' dir='ltr'>securitatem</span> <span class='ocrx_word' id='word_1_322' title='bbox 1276 2640 1480 2694; x_wconf 88' lang='lat' dir='ltr'>privilegii</span> <span class='ocrx_word' id='word_1_323' title='bbox 1505 2638 1579 2678; x_wconf 91' lang='lat' dir='ltr'>sibi</span> <span class='ocrx_word' id='word_1_324' title='bbox 1605 2638 1806 2692; x_wconf 87' lang='lat' dir='ltr'>permissa</span> 
     </span>
     <span class='ocr_line' id='line_1_62' title="bbox 480 2707 1799 2768; baseline -0.007 -13"><span class='ocrx_word' id='word_1_325' title='bbox 480 2715 666 2756; x_wconf 84' lang='lat' dir='ltr'>abutitur</span> <span class='ocrx_word' id='word_1_326' title='bbox 688 2723 908 2768; x_wconf 82' lang='lat' dir='ltr'>potestate,</span> <span class='ocrx_word' id='word_1_327' title='bbox 932 2728 1029 2766; x_wconf 86' lang='lat' dir='ltr'>ergo</span> <span class='ocrx_word' id='word_1_328' title='bbox 1045 2714 1166 2752; x_wconf 87' lang='lat' dir='ltr'>debet</span> <span class='ocrx_word' id='word_1_329' title='bbox 1190 2721 1235 2752; x_wconf 89' lang='lat' dir='ltr'>ut</span> <span class='ocrx_word' id='word_1_330' title='bbox 1257 2711 1313 2750; x_wconf 90' lang='lat' dir='ltr'>sic</span> <span class='ocrx_word' id='word_1_331' title='bbox 1335 2723 1471 2750; x_wconf 86' lang='lat' dir='ltr'>carere</span> <span class='ocrx_word' id='word_1_332' title='bbox 1492 2709 1573 2749; x_wconf 93' lang='lat' dir='ltr'>loci</span> <span class='ocrx_word' id='word_1_333' title='bbox 1590 2707 1799 2760; x_wconf 82' lang='lat' dir='ltr'>suffragio.</span> 
     </span>
    </p>
   </div>
   <div class='ocr_carea' id='block_1_11' title="bbox 537 2836 1490 2874">
    <p class='ocr_par' dir='ltr' id='par_1_16' title="bbox 537 2836 1490 2874">
     <span class='ocr_line' id='line_1_63' title="bbox 537 2836 1490 2874; baseline -0.007 -5"><span class='ocrx_word' id='word_1_334' title='bbox 537 2841 561 2869; x_wconf 83' lang='lat'>3.</span> <span class='ocrx_word' id='word_1_335' title='bbox 583 2843 609 2869; x_wconf 81' lang='grc' dir='ltr'>Α</span> <span class='ocrx_word' id='word_1_336' title='bbox 633 2842 662 2868; x_wconf 85' lang='lat' dir='ltr'>in</span> <span class='ocrx_word' id='word_1_337' title='bbox 684 2847 799 2874; x_wconf 49' lang='lat' dir='ltr'>marga</span> <span class='ocrx_word' id='word_1_338' title='bbox 820 2838 911 2867; x_wconf 82' lang='lat' dir='ltr'>Nota.</span> <span class='ocrx_word' id='word_1_339' title='bbox 1056 2837 1097 2865; x_wconf 63' lang='lat'>32.</span> <span class='ocrx_word' id='word_1_340' title='bbox 1120 2837 1161 2866; x_wconf 71' lang='lat'>33.</span> <span class='ocrx_word' id='word_1_341' title='bbox 1183 2837 1224 2865; x_wconf 85' lang='lat' dir='ltr'>B:</span> <span class='ocrx_word' id='word_1_342' title='bbox 1245 2841 1353 2864; x_wconf 81' lang='lat' dir='ltr'>contra</span> <span class='ocrx_word' id='word_1_343' title='bbox 1375 2836 1490 2863; x_wconf 87' lang='lat' dir='ltr'>locum.</span> 
     </span>
    </p>
   </div>
   <div class='ocr_carea' id='block_1_12' title="bbox 548 2931 1808 2979">
    <p class='ocr_par' dir='ltr' id='par_1_17' title="bbox 548 2931 1808 2979">
     <span class='ocr_line' id='line_1_64' title="bbox 548 2931 1808 2979; baseline -0.007 -10"><span class='ocrx_word' id='word_1_344' title='bbox 548 2938 575 2969; x_wconf 64' lang='grc' dir='ltr'>ᾗ.</span> <span class='ocrx_word' id='word_1_345' title='bbox 604 2938 692 2968; x_wconf 71' lang='lat' dir='ltr'>Vide</span> <span class='ocrx_word' id='word_1_346' title='bbox 720 2947 824 2979; x_wconf 79' lang='lat' dir='ltr'>supra</span> <span class='ocrx_word' id='word_1_347' title='bbox 852 2946 929 2978; x_wconf 70' lang='lat' dir='ltr'>pag.</span> <span class='ocrx_word' id='word_1_348' title='bbox 953 2945 1014 2975; x_wconf 72' lang='lat'>144</span> <span class='ocrx_word' id='word_1_349' title='bbox 1041 2942 1071 2965; x_wconf 86' lang='lat' dir='ltr'>et</span> <span class='ocrx_word' id='word_1_350' title='bbox 1100 2944 1200 2976; x_wconf 79' lang='lat' dir='ltr'>seqq.</span> <span class='ocrx_word' id='word_1_351' title='bbox 1343 2931 1377 2963; x_wconf 74' lang='lat'>8.</span> <span class='ocrx_word' id='word_1_352' title='bbox 1404 2931 1493 2963; x_wconf 73' lang='lat' dir='ltr'>Vide</span> <span class='ocrx_word' id='word_1_353' title='bbox 1510 2940 1615 2973; x_wconf 84' lang='lat' dir='ltr'>supra</span> <span class='ocrx_word' id='word_1_354' title='bbox 1634 2941 1711 2973; x_wconf 74' lang='lat' dir='ltr'>pag.</span> <span class='ocrx_word' id='word_1_355' title='bbox 1733 2939 1808 2961; x_wconf 81' lang='lat'>201.</span> 
     </span>
    </p>
   </div>
  </div>
 </body>
</html>
