2045 3312
139 251 187 289 32
850 266 1074 299 JOHANNIS
1102 268 1299 302 WYCLIF.
1597 257 1704 316 [CAP.
1716 269 1753 298 11.

155 376 314 426 Norcxgn
338 377 411 427 ⁸¹55.
490 370 606 420 Item,
646 369 760 410 iuxta
805 384 901 423 sepe
947 372 1056 413 dicta
1100 387 1187 413 non
1227 374 1282 413 sic
1315 385 1512 415 assereret
1544 378 1660 430 quod
1705 377 1796 420 sit2
1827 388 1860 421 F

135 413 413 484 Clssissdi¹ssi¹ii1i¹i0f²
431 440 751 492 predestinatus,
798 455 848 480 eo
891 443 1008 495 quod
1051 457 1138 482 non
1185 453 1245 484 est
1289 445 1339 485 de
1378 446 1615 486 substancia
1659 433 1854 487 fidei¹3²''

431 510 633 550 catholice
666 511 782 564 quod
815 510 890 551 iste
923 512 974 552 sit
995 513 1317 565 predestinatus,
1352 515 1450 556 Ideo
1483 516 1515 555 si
1548 517 1647 557 assit
1679 517 1755 557 sibi

430 579 550 619 firma
580 594 674 634 spes
699 581 748 620 de
771 581 866 633 hoc,
907 592 1077 635 oportet
1100 585 1215 638 quod
1239 599 1287 625 ex
1310 586 1425 626 dono
1450 588 1755 640 supernaturali

430 650 501 690 fiat
533 650 608 690 sibi
651 651 842 704 specialis
875 653 1094 706 revelacio,
1143 655 1215 694 sed
1259 655 1290 695 si
1340 670 1427 696 non
1470 657 1522 697 sit
1554 658 1790 711 predesti-5

428 730 563 773 natus,
598 734 683 760 non
718 732 779 763 est
811 723 1051 776 capitaneus
1084 724 1127 764 in
1161 726 1332 766 ecclesia
1357 737 1496 768 sancta
1520 728 1608 768 Dei.
1643 729 1754 782 Ergo

428 805 514 832 non
555 792 611 831 sic
656 803 854 833 assereret
891 795 1009 847 quod
1053 795 1222 836 subesse
1260 796 1336 836 sibi
1377 806 1598 852 tamquam
1630 798 1753 851 capiti

428 862 597 902 ecclesie
629 862 681 902 sit
713 863 763 903 de
796 864 1038 905 necessitate
1073 866 1216 906 salutis
1264 867 1485 908 cuiuslibet
1529 868 1753 909 christiani.

152 951 221 979 God
243 960 298 978 ω,
322 952 389 990 give
487 933 604 983 Item,
638 942 718 972 stat
757 933 1034 974 christianum
1078 935 1229 976 habere
1261 937 1445 990 graciam
1475 952 1498 978 a
1530 939 1621 978 Deo
1655 947 1795 980 cumss

134 995 228 1050 gffig‘f',
246 989 506 1057 ‘sslfissgffssgffehoc
540 1003 656 1057 quod
689 1017 776 1043 non
810 1004 951 1044 credat
983 1018 1070 1045 esse
1104 1005 1289 1060 aliquem
1328 1008 1455 1047 talem
1489 1023 1657 1062 papam,
1702 1023 1812 1049 eom

237 1057 311 1085 him.
426 1073 542 1126 quod
582 1086 667 1113 non
709 1083 879 1127 oportet
911 1075 1051 1114 Deum
1084 1076 1144 1116 uti
1183 1090 1233 1117 eo
1267 1087 1313 1118 ut
1356 1078 1564 1131 ministro,
1610 1080 1751 1120 dando

425 1156 726 1197 quamcunque
749 1144 945 1197 graciam.
962 1145 1016 1185 Et
1038 1146 1252 1199 peridem,
1275 1157 1355 1188 stat
1376 1149 1517 1202 ipsum
1542 1163 1640 1190 cum
1662 1150 1751 1190 aliis

424 1213 593 1266 paribus
627 1214 735 1253 mori
768 1214 810 1253 in
833 1215 970 1268 gracia
1003 1216 1090 1256 sine
1122 1217 1194 1257 tali
1218 1218 1485 1260 subieccione
1515 1220 1749 1273 recognita3

426 1297 511 1336 quo
547 1283 656 1324 facto
691 1284 798 1325 foret
831 1286 942 1326 salus
976 1286 1082 1327 facta
1116 1288 1341 1329 christiano
1375 1290 1462 1330 sine
1486 1291 1751 1331 subieccione

425 1353 684 1394 huiusmodi.
731 1355 843 1409 Ergo
889 1356 959 1396 illa
1004 1371 1091 1397 non
1140 1367 1200 1398 est
1247 1359 1297 1399 de
1330 1361 1574 1402 necessitate
1607 1362 1809 1402 salutisx5

425 1424 649 1464 cuiuslibet
680 1425 905 1467 christiani.
940 1429 1205 1468 Antecedens
1237 1429 1402 1470 videtur
1434 1431 1531 1471 satis
1554 1432 1752 1485 possibile

424 1495 474 1533 de
508 1495 729 1534 communi
760 1495 864 1550 lege.

132 1584 200 1612 The
228 1584 352 1612 clun-ch
384 1585 409 1611 ἧς
483 1565 600 1616 Item,
654 1565 696 1604 in
742 1566 889 1606 maiori
940 1567 1127 1608 libertate
1174 1579 1234 1609 est
1286 1570 1562 1611 christianitas
1614 1573 1793 1626 posita4

132 1620 161 1647 in
183 1625 304 1654 greater
328 1620 408 1647 free-
725 1636 731 1642 .
889 1637 896 1643 .
1187 1639 1193 1645 .
1335 1641 1343 1648 .

132 1656 203 1682 301„
236 1663 307 1682 now
337 1656 408 1682 man
423 1643 614 1688 tempore
653 1636 754 1689 legis
787 1651 922 1690 gracie
963 1652 1091 1692 quam
1137 1638 1215 1680 fult
1252 1650 1389 1693 posita
1422 1651 1614 1695 tempore
1654 1651 1749 1682 ante

150 1690 391 1755 ,ιζξῇςξξξᾞῗζῇ
423 1705 561 1758 legem
594 1705 659 1744 vel
691 1715 881 1760 tempore
915 1708 1130 1761 sinagoge,
1176 1710 1247 1749 sed
1292 1719 1392 1750 tunc
1438 1725 1523 1751 non
1559 1712 1750 1765 oportuit
1765 1727 1807 1749 20

130 1761 409 1823 thetgffligegliiegce
425 1788 599 1814 omnem
644 1776 894 1817 salvandum
938 1778 1070 1818 subici
1109 1793 1280 1819 summo
1320 1782 1537 1833 sacerdoti,
1582 1782 1748 1822 levitico

132 1831 323 1894 figiefflulwffg
349 1836 410 1894 52:1³}
424 1846 489 1886 vel
522 1845 822 1899 primogenito,
868 1849 940 1887 sed
981 1848 1142 1890 suffecit
1173 1852 1378 1891 servando
1417 1852 1630 1893 iusticiam
1662 1866 1747 1892 cre-

218 1902 332 1929 V⁶¹i⁰¹¹'
426 1917 521 1955 dere
554 1916 595 1955 in
619 1917 846 1957 dominum
878 1919 1020 1958 Jesum
1049 1918 1289 1961 Christum:
1323 1935 1422 1975 ergo
1455 1923 1592 1962 multo
1615 1923 1748 1977 magis

426 1997 597 2029 extenso
630 1988 783 2028 merito
818 1988 973 2028 Christi
1004 1990 1100 2030 Jesu
1134 1992 1370 2032 secundum
1398 1992 1534 2045 legem
1567 1993 1748 2046 perfecte

424 2058 635 2100 libertatis.
681 2059 822 2099 Minor
854 2068 967 2112 patet
1000 2061 1051 2100 de
1081 2061 1159 2100 Job
1191 2062 1350 2115 gentili,
1396 2063 1446 2103 de
1480 2063 1749 2116 bragmannis
1766 2068 1806 2101 25

423 2138 462 2168 et
506 2130 649 2169 multis
707 2130 796 2170 aliis
841 2130 1108 2184 philosophis
1158 2131 1230 2185 qui
1281 2132 1369 2172 sine
1420 2133 1603 2173 sensibili
1649 2134 1747 2173 obe-

423 2198 584 2238 diencia
618 2199 723 2239 facta
756 2201 960 2240 sacerdoti
993 2201 1062 2241 tali
1097 2215 1144 2241 ex
1177 2200 1259 2242 fide
1292 2212 1331 2242 et
1361 2203 1525 2244 iusticia
1570 2217 1747 2257 operum

423 2278 520 2308 sunt
553 2270 752 2310 salvandi.
796 2270 936 2319 Quare
970 2285 1069 2324 ergo
1114 2285 1201 2311 non
1241 2272 1296 2312 sic
1341 2283 1514 2326 possent
1558 2273 1677 2314 Greci
1710 2283 1749 2313 et

422 2338 527 2392 Indy
560 2340 712 2379 subditi
747 2350 891 2381 sancto
920 2338 1112 2381 Thome?
1161 2342 1297 2382 Immo
1337 2343 1393 2383 sic
1426 2343 1503 2384 fuit
1534 2344 1584 2383 de
1616 2343 1747 2383 Paulo

422 2418 461 2448 et
484 2409 628 2449 multis
651 2410 861 2449 conversis
884 2411 968 2450 suis
991 2421 1182 2464 tempore
1206 2413 1335 2453 sancti
1357 2413 1479 2453 Petri.
1510 2415 1607 2454 Non
1632 2413 1744 2453 enirn
1767 2416 1841 2449 132c

423 2477 518 2518 facit
540 2478 614 2519 ista
632 2479 656 2507 ss
672 2490 942 2534 extravagans
965 2481 1194 2533 decretalis,
1228 2491 1274 2522 ut
1297 2482 1573 2523 christianitas
1595 2483 1747 2535 ligetur

422 2548 608 2588 servilius
641 2563 771 2603 quam
803 2560 987 2603 perante,
1020 2560 1066 2591 ut
1097 2560 1211 2604 patet
1242 2553 1293 2592 de
1326 2561 1616 2607 extravagante
1650 2552 1744 2593 Cle-

422 2619 574 2658 mentis
619 2629 817 2673 sequente
862 2621 903 2660 in
943 2635 1024 2674 qua
1057 2622 1293 2662 ostenditur
1324 2624 1440 2676 quod
1472 2636 1540 2662 rex
1574 2623 1745 2662 Francie

422 2701 507 2726 non
543 2689 688 2729 exinde
723 2690 799 2730 fuit
830 2690 907 2730 sibi
939 2691 1034 2744 plus
1067 2691 1258 2731 subditus
1292 2705 1420 2745 quam
1452 2701 1636 2745 perante.

480 2821 517 2840 21.
541 2815 585 2841 A:
606 2822 731 2842 omnem
754 2823 891 2843 omnem.
1001 2816 1041 2844 25.
1062 2816 1101 2844 B:
1124 2817 1311 2852 bergmanis.

484 2909 534 2940 33.
553 2910 931 2953 lixtravag.Cominun.
952 2912 1009 2943 lib.
1023 2913 1062 2952 V,
1083 2912 1217 2954 tit.Vll,
1239 2923 1311 2955 cap.
1329 2913 1366 2944 Η.
1394 2914 1525 2946 Meruit
1552 2915 1741 2947 carissimi.
1776 2908 1778 2910 ’
