2045 3312
125 249 205 302 278
863 265 1088 297 JOHANNIS
1116 267 1309 299 wvcrw.
1536 255 1643 313 [cAr.
1664 267 1743 295 xm.

413 381 498 407 non
532 369 769 409 habuerunt
802 379 1055 423 potestatem
1088 372 1139 411 ad
1173 373 1363 412 dandum
1395 374 1480 413 suis
1512 375 1733 415 heredibus
1755 387 1831 419 165¹·
1851 388 1885 421 Β

412 438 670 479 naturalibus
703 439 945 479 dominium
967 440 1082 494 regni
1115 442 1261 493 nostri,
1295 442 1403 483 sicut
1426 452 1539 497 patet
1561 458 1609 484 ex
1632 459 1732 485 con-

411 517 564 563 questu
611 518 827 563 sequente,
873 509 930 550 sic
974 510 1139 551 videtur
1185 513 1301 566 quod
1349 527 1435 553 non
1480 513 1734 556 suffecerunt

411 579 568 619 donare
590 579 872 620 accessorium
895 593 1074 633 persone
1098 591 1184 621 tam
1217 592 1422 635 extranee,
1455 598 1605 638 ymmo
1629 585 1734 626 sicut

412 649 672 690 Willielmus
704 659 959 704 conquestor
1003 664 1090 690 non
1123 653 1342 693 tenebatur
1372 654 1587 694 restituere
1619 655 1732 708 prin·
1751 666 1767 698 5

411 719 543 773 cipale
575 719 631 761 sic
664 733 740 760 nec
771 720 1067 761 accessorium.

468 790 523 830 Et
554 788 826 830 confirmacio
872 799 933 831 est
965 804 1014 831 ex
1056 791 1138 832 hoc
1178 794 1295 846 quod
1327 794 1482 835 multas
1516 796 1618 835 tales
1651 796 1732 835 ele-

409 859 596 900 mosinas
620 860 839 900 Saxonum
863 863 1159 904 transmutavit
1182 873 1221 904 et
1243 865 1478 904 monachos
1502 866 1734 906 Normanie

409 929 662 982 introduxit3
709 931 826 984 quod
865 931 897 970 si
937 932 1117 972 omnino
1163 932 1308 974 fuisset
1346 935 1554 987 illicitum,
1599 936 1734 976 maior

410 1012 504 1053 pars
538 999 633 1040 cleri
666 1000 966 1053 possessionati
998 1001 1040 1041 in
1064 1003 1220 1056 Anglia
1243 1003 1428 1045 alienum
1462 1006 1622 1045 bonum
1646 1006 1734 1046 sine
1755 1028 1793 1049 10

410 1069 536 1110 titulo
570 1080 804 1125 usurparet.
1309 1061 1317 1070 ’

468 1139 587 1193 Item,
619 1140 784 1182 videtur
817 1143 934 1196 quod
971 1143 1105 1183 multe
1138 1153 1246 1184 carte
1274 1154 1476 1198 perpetue
1507 1146 1777 1190 elemosine3
1797 1157 1827 1190 C

410 1210 579 1265 sapiunt
619 1225 666 1251 ex
704 1221 822 1265 parte
855 1213 1171 1253 elemosinantis
1204 1223 1243 1254 et
1275 1215 1384 1254 male
1422 1214 1733 1269 interpretantis

409 1281 717 1335 blasphemiam
740 1291 780 1322 et
803 1282 1059 1336 superbiam,
1082 1298 1182 1324 cum
1203 1284 1325 1325 multi
1351 1285 1515 1325 domini
1531 1287 1734 1327 seculares

117 1366 211 1402 Many
233 1366 393 1405 perpetual
410 1361 661 1405 presumunt
705 1353 821 1407 quod
868 1362 929 1393 est
972 1353 1014 1393 in
1060 1363 1266 1407 potestate
1305 1369 1451 1395 eorum
1494 1356 1589 1395 dare
1634 1356 1790 1401 sim-15

124 1403 388 1475 ffiifofflecgfffi‘]
410 1420 574 1474 pliciter
605 1422 647 1462 in
681 1432 931 1476 perpetuam
963 1424 1242 1465 elemosinam
1274 1425 1484 1478 signatum
1508 1426 1734 1479 redditum,

117 1472 395 1534 εῐιιιῖῗῗιςῗέτῐῧῐῖἷῖῗρ
411 1491 595 1544 qualibet
644 1493 895 1533 condicione
945 1494 1225 1534 elemosinarii
1278 1496 1561 1548 pretermissa3
1618 1498 1734 1550 quod

188 1546 328 1575 grantee.
410 1561 667 1603 declaratum
699 1573 760 1604 est
792 1563 987 1617 proximo
1012 1564 1197 1617 capitulo
1223 1566 1313 1605 Deo
1347 1579 1432 1605 non
1457 1580 1582 1619 posse
1615 1580 1731 1606 com-

410 1641 562 1685 petere,
608 1647 706 1674 cum
745 1634 781 1673 10
813 1635 980 1687 Regum
1013 1635 1068 1675 ΙΙΟ
1100 1635 1251 1688 legitur
1289 1637 1406 1690 quod
1441 1638 1552 1676 Deus
1586 1637 1730 1677 condi-

410 1703 577 1742 cionem
611 1703 720 1757 Hely
753 1712 984 1755 notaverat,
1024 1704 1081 1745 sic
1120 1706 1236 1759 quod
1275 1719 1362 1745 non
1402 1707 1595 1747 obstante
1627 1722 1729 1761 qua-
1749 1730 1791 1750 20

410 1786 578 1827 cunque
600 1773 886 1826 promissione
904 1787 990 1814 non
1016 1784 1129 1816 tenet
1152 1776 1383 1828 concessio,
1408 1776 1484 1815 nisi
1510 1776 1732 1817 servicium

409 1843 485 1883 Dei
507 1843 691 1883 virtuose
714 1852 896 1897 peragat.
927 1844 969 1884 Si
993 1858 1091 1898 ergo
1116 1846 1228 1886 Deus
1252 1846 1321 1899 qui
1348 1855 1488 1899 potest
1510 1846 1731 1886 iustificare

409 1913 592 1966 impium
625 1922 665 1953 et
688 1913 764 1954 scit
787 1913 1057 1954 condiciones
1090 1929 1136 1955 ac
1159 1915 1380 1970 dignitates
1404 1916 1539 1956 tocius
1571 1917 1732 1970 generis

410 1983 735 2024 succedencium
799 1984 1083 2039 subintellegit
1128 1986 1440 2037 condicionem,
1494 2000 1588 2027 ceca
1637 2001 1729 2040 pre-

409 2053 604 2107 sumpcio
647 2053 858 2094 videretur
890 2054 931 2094 in
965 2055 1140 2095 homine
1186 2055 1257 2110 qui
1296 2070 1371 2096 nec
1405 2065 1544 2109 potest
1576 2058 1732 2097 donare
1750 2064 1789 2096 25

409 2138 482 2177 per
524 2133 686 2164 tantam
736 2124 961 2177 periodum
1011 2139 1087 2165 nec
1134 2125 1356 2166 iustificare
1414 2126 1598 2180 aliquem
1644 2127 1731 2167 eins

409 2193 631 2245 datarium,
670 2203 717 2233 ut
749 2203 903 2235 asserat
936 2209 978 2235 se
1011 2196 1240 2236 concedere
1275 2197 1416 2236 datam
1455 2197 1732 2236 elemosinam

410 2263 578 2304 cuilibet
609 2263 720 2304 illius
753 2264 914 2317 generis
947 2266 1159 2317 absolute;
1202 2266 1243 2304 in
1276 2266 1356 2306 hoc
1390 2266 1504 2306 enim
1543 2267 1732 2320 implicat

409 2348 451 2374 se
475 2334 532 2374 sic
555 2334 795 2387 concedere,
819 2334 905 2374 sive
928 2335 1042 2375 Deus
1065 2335 1245 2376 voluerit
1279 2336 1363 2376 sive
1387 2336 1589 2388 noluerit;
1614 2338 1730 2390 quod

411 2418 494 2443 non
530 2413 680 2457 potest,
726 2418 824 2445 cum
864 2419 990 2445 nemo
1028 2415 1168 2459 potest
1212 2407 1440 2461 quicquam
1488 2408 1729 2459 concedere,
1748 2419 1788 2451 30

411 2474 488 2513 nisi
521 2474 635 2527 prius
659 2474 772 2514 Deus
806 2475 946 2528 ipsum
986 2476 1257 2517 concesserit:
1304 2477 1400 2516 ideo
1439 2476 1606 2516 racione
1640 2478 1730 2517 talis

411 2543 616 2583 mendacii
641 2544 929 2585 dissolvuntur
952 2546 1085 2585 multe
1101 2546 1331 2586 elemosine
1346 2556 1493 2586 vocate
1516 2556 1729 2600 perpetue.

470 2613 719 2665 Religiosior
752 2628 849 2667 ergo
883 2615 990 2655 foret
1013 2616 1229 2656 concessio
1259 2630 1449 2670 expressa
1481 2616 1731 2657 condicione

411 2683 527 2737 quod
561 2696 738 2737 persone
783 2684 865 2725 sint
895 2683 1052 2726 habiles
1086 2695 1125 2726 et
1157 2688 1274 2740 quod
1300 2688 1389 2727 Deo
1423 2686 1475 2727 sit
1507 2686 1730 2740 placitum,

463 2816 492 2840 4.
515 2807 551 2835 13:
575 2810 722 2836 extranie.
867 2818 896 2846 9.
920 2810 958 2837 B:
980 2810 1088 2839 fuisset
1103 2811 1238 2840 —titulo
1265 2811 1360 2839 deest.
1515 2820 1553 2839 ει.
1575 2812 1615 2848 Α1
1630 2820 1729 2840 corr-2

407 2860 538 2882 teneret.
664 2863 705 2883 2¹.
728 2856 766 2883 B:
788 2856 931 2884 servicio.
1059 2865 1102 2885 22.
1123 2858 1195 2886 Ain
1211 2866 1325 2892 marga
1348 2858 1441 2886 racio.
1556 2865 1604 2893 24.
1624 2859 1653 2887 A
1672 2859 1729 2893 A1:

411 2900 627 2929 subintellexit.
772 2903 812 2930 25.
834 2903 882 2931 20.
904 2904 931 2931 A
951 2904 1010 2939 Al:
1029 2904 1139 2932 durare
1161 2913 1215 2939 per
1236 2910 1360 2933 tantam.
