2045 3312
258 249 349 278 clu».
364 239 431 297 vr]
764 249 822 280 DE
851 246 1084 279 ECCLEsm.
1794 230 1866 267 135

101 371 136 413 Q,
164 368 239 414 147¹¹
257 368 302 399 ut
334 357 484 398 dicitur
506 356 676 407 XX1V³‚
710 368 748 407 q.
778 352 934 406 prima:
976 350 1287 403 Quodcunque,
1321 358 1360 388 et
1390 348 1496 399 Vlla,
1530 361 1569 401 q.

252 429 387 483 prima
403 428 521 468 Scire
554 426 697 477 debes,
734 423 870 464 multo
904 421 1038 475 magis
1071 421 1233 475 primus
1252 433 1362 473 papa
1393 418 1569 458 admira-

251 499 344 539 bilis
369 497 567 538 dominus
598 496 715 535 Jesus
749 493 953 535 Christus.

196 580 235 614 R,
309 569 480 619 Iterum,
515 566 546 606 si
579 565 856 619 procedentes
891 561 1109 603 carnaliter
1147 562 1198 600 ab
1243 561 1383 600 Adam
1429 558 1567 613 primo
1603 577 1672 606 The
1694 576 1846 612 predesti-

216 639 446 684 5dicuntur
477 636 605 676 fuisse
636 635 726 688 ipse
768 634 810 673 in
855 647 942 687 quo
975 631 1233 684 originaliter
1278 638 1570 684 peccaverunt,
1612 612 1834 683 ῗξῖξῗγιξῗῶἳὲ

250 710 387 750 multo
406 706 646 748 evidencius
662 705 960 745 descendentes
976 718 998 743 a
1018 702 1206 742 secundo
1224 702 1364 741 Adam
1382 700 1572 739 dicentur
1642 684 1678 711 ¹³⁶
1700 682 1817 712 chrm·

249 780 336 820 fore
368 778 578 819 secundus
610 777 749 816 Adam
772 774 814 813 in
847 788 933 828 quo
952 773 1131 813 finaliter
1163 771 1438 825 requiescent.
1463 771 1571 810 Nam

248 864 392 891 semen
424 848 519 888 fidei
535 848 652 902 quod
676 856 737 887 est
759 845 910 885 veritas
934 853 994 884 est
1010 843 1142 897 magis
1161 840 1572 882 communicativum

248 934 377 975 quam
411 933 555 959 semen
588 930 855 971 corporeum.
890 916 1061 965 Iterum,
1096 914 1128 953 si
1163 911 1460 953 combustibile
1506 910 1572 949 vel

195 990 419 1045 xoignibile
464 998 510 1029 ut
553 988 745 1042 lignum,
792 986 917 1026 carbo
965 985 1031 1024 vel
1076 983 1232 1023 ferrum
1277 982 1430 1022 dicitur
1475 989 1573 1035 post

247 1060 502 1115 ignicionem
543 1058 767 1111 vulgariter
812 1070 900 1096 esse
944 1055 1065 1109 ignis,
1112 1068 1210 1094 cum
1253 1054 1385 1094 alium
1430 1052 1574 1105 ignem

250 1145 336 1171 non
354 1129 613 1185 percipimus
635 1129 701 1168 hic
725 1127 962 1179 nobiscum,
986 1125 1124 1166 multo
1148 1124 1281 1178 magis
1305 1122 1573 1177 spiritualiter

250 1211 461 1242 comestus
495 1215 518 1240 a
552 1199 721 1240 Christo
755 1207 795 1238 et
826 1198 948 1251 plene
981 1197 1167 1249 digestus
1197 1196 1247 1235 ab
1272 1209 1321 1234 eo
1354 1207 1489 1247 usque
1522 1193 1574 1232 ad

249 1281 443 1327 quartam
464 1270 745 1324 digestionem
768 1282 850 1322 que
884 1277 944 1308 est
976 1266 1251 1321 glorificacio;
1282 1265 1350 1304 ille
1386 1277 1483 1318 ergo
1507 1263 1573 1303 cui

194 1353 230 1386 15
250 1342 387 1382 vivere
423 1341 616 1382 Christus
651 1348 724 1391 est,
744 1339 851 1379 sicut
875 1347 973 1378 sunt
1006 1350 1155 1376 omnes
1179 1335 1309 1376 sancti
1334 1334 1404 1389 qui
1427 1334 1575 1373 vivunt

249 1413 406 1453 Deum:
443 1410 718 1451 manifestum
762 1409 926 1449 videtur
969 1409 1022 1448 ad
1069 1407 1180 1448 hunc
1233 1419 1405 1446 sensum
1457 1404 1575 1459 quod

248 1492 345 1522 sunt
378 1483 462 1522 vita
495 1495 646 1522 eorum
680 1494 762 1534 que
796 1479 988 1519 Christus
1021 1486 1094 1518 est.

215 1567 231 1599 1
303 1554 356 1593 Et
377 1562 492 1606 patet
524 1551 746 1607 quomodo
780 1563 927 1590 verum
960 1558 1021 1589 est
1043 1548 1162 1602 quod
1186 1545 1487 1587 benefaciendo
1511 1545 1575 1584 vel

246 1623 538 1677 persequendo
572 1622 762 1662 membra
795 1620 965 1672 Christi,
1000 1628 1045 1659 ut
1077 1618 1148 1671 sic,
1188 1617 1323 1658 taliter
1356 1614 1576 1669 respicitur

191 1716 233 1738 20
248 1693 336 1747 ipse
360 1693 551 1734 Christus
585 1692 649 1747 (ut
663 1702 779 1746 patet
810 1690 985 1731 Matthei
1016 1690 1168 1741 XXVo,
1202 1697 1241 1728 et
1273 1691 1365 1727 Act.
1390 1687 1482 1739 IXO,
1520 1686 1574 1740 5).

210 1765 366 1810 2Patet
397 1764 582 1805 secundo
615 1764 732 1818 quod
764 1761 951 1803 martires
984 1773 1206 1814 nunquam
1245 1767 1418 1812 possent
1450 1756 1574 1798 susti-

250 1835 389 1874 nuisse
422 1843 484 1874 tot
516 1834 732 1888 passiones
781 1842 820 1872 et
853 1831 996 1871 fecisse
1041 1839 1103 1870 tot
1141 1828 1348 1868 mirabilia
1392 1827 1470 1867 nisi
1502 1841 1576 1881 per

249 1906 592 1959 incorporantem
620 1913 659 1944 et
683 1903 988 1943 assimilantem
1016 1900 1208 1940 membra
1243 1899 1365 1952 capiti
1399 1898 1573 1952 loquen-

249 1986 336 2016 tem
368 1985 407 2016 et
439 1985 685 2030 operantem
718 1974 760 2013 in
799 1973 856 2013 eis
890 1972 1115 2012 dominun]
1156 1972 1300 2012 Jesum
1344 1968 1573 2009 Christum.

210 2047 303 2091 3Et
349 2055 462 2100 patet
502 2045 630 2086 tercio
676 2058 799 2084 causa
843 2057 971 2098 quare
1016 2042 1208 2083 Christus
1253 2039 1439 2094 precepit
1489 2039 1573 2079 suis
1617 2051 1838 2091 Togata-this

253 2119 459 2159 declinare
491 2132 515 2157 a
546 2116 711 2156 mundo
745 2124 784 2155 et
824 2113 1090 2154 sensibilibus
1132 2122 1171 2152 et
1219 2111 1407 2165 proicere
1440 2118 1574 2150 totam
1590 2088 1866 2150 cliiiisityw‘gqiiiust

252 2189 488 2240 scienciam,
523 2201 665 2227 curam
688 2195 727 2226 et
759 2184 1031 2225 affeccionem
1062 2183 1104 2222 in
1137 2184 1293 2236 ipsum,
1326 2181 1426 2235 quia
1457 2180 1574 2220 aliter
1619 2161 1828 2232 tffilogoalxgag

252 2274 338 2300 non
371 2258 655 2299 assimilantur
687 2256 777 2307 sibi,
811 2255 909 2309 quia
942 2254 1070 2294 nichil
1102 2254 1196 2307 plus
1237 2253 1374 2292 obstat
1416 2251 1574 2290 assimi-
1642 2229 1813 2256 aflections.

253 2330 405 2370 lacioni
425 2328 553 2380 cordi,
572 2327 696 2381 capiti
714 2337 753 2367 et
776 2325 942 2380 corpori
965 2324 1137 2364 ecclesie
1156 2323 1272 2378 quod
1291 2331 1350 2362 est
1366 2322 1573 2373 Christus,

198 2409 239 2442 30
254 2414 382 2454 quam
415 2399 632 2439 mundana
663 2396 845 2437 affeccio.
882 2396 973 2449 lpse
1006 2394 1119 2434 enim
1151 2407 1247 2447 sepe
1281 2394 1322 2432 in
1357 2391 1574 2445 evangelio

254 2479 427 2510 vocatur
476 2482 656 2523 regnum
709 2468 911 2519 celorum,
965 2479 1119 2519 corpus
1173 2464 1289 2518 quod
1340 2472 1576 2517 sequuntur

254 2541 405 2595 aquile,
439 2549 478 2580 et
514 2540 598 2580 vita
642 2538 841 2579 omnibus
885 2537 1026 2591 ipsum
1069 2535 1321 2576 viventibus,
1365 2535 1418 2574 Et
1462 2542 1577 2587 patet

301 2664 321 2682 1.
342 2655 417 2682 Ain
439 2662 552 2689 marga
575 2654 659 2689 Papa
678 2652 838 2689 quomodo
861 2651 972 2679 dicitur
992 2650 1132 2678 eeclesia.
1274 2658 1305 2682 4.
1327 2648 1369 2675 13:
1392 2648 1447 2675 ab:
1479 2647 1575 2675 deest.

258 2704 298 2731 10.
320 2702 438 2730 Deum:
460 2702 507 2729 hie
527 2701 644 2737 aliquot
663 2700 757 2728 verba
779 2699 934 2726 excidisse
954 2697 1105 2726 videntur.
1244 2697 1290 2724 28.
1310 2704 1356 2729 29.
1378 2694 1419 2722 B:
1442 2693 1575 2722 assimu-

257 2750 390 2777 lantur..
402 2769 409 2777 .
435 2747 678 2777 assimulat-loni.

322 2844 348 2866 1.
368 2834 491 2876 Comp.
518 2832 655 2865 Decreti
681 2842 751 2864 sec.
776 2841 868 2874 pars,
895 2840 997 2862 causa
1023 2830 1144 2869 XXIV,
1172 2840 1205 2871 q.
1236 2838 1263 2868 1,
1290 2838 1317 2859 c.
1344 2828 1401 2866 VI,
1427 2833 1577 2858 etcausa

264 2891 332 2931 VII,
360 2901 393 2933 q.
426 2902 450 2932 1,
478 2902 505 2923 e.
536 2892 606 2924 VII.
747 2890 797 2922 15.
827 2888 976 2932 Philipp.
1008 2889 1030 2929 1,
1059 2898 1111 2919 21.
