2045 3312
280 253 370 283 CAP.
392 244 490 303 xlx]
778 258 837 290 DE
863 258 1099 291 ECCLESIA.
1801 250 1884 300 465

125 373 154 405 Τ
184 371 260 417 192d
276 376 363 402 non
397 365 513 404 nudo
547 363 711 403 nomini
733 365 798 403 vel
831 364 1064 417 prefecture
1087 364 1129 403 in
1154 364 1256 404 facie
1280 365 1463 417 ecclesie,
1498 366 1597 419 quia

274 433 367 474 talis
386 434 492 474 foret
515 433 726 474 evidencia
748 434 874 473 nimis
898 434 1031 474 fallax.
1057 433 1358 475 Obediendum
1376 444 1436 476 est
1453 445 1595 476 tamen

274 503 346 543 tali
391 514 586 557 pretenso
629 503 845 557 preposito
885 505 998 544 salva
1038 517 1204 557 semper
1236 505 1482 545 obediencia
1514 506 1594 560 legi

276 572 451 626 Christi;
496 582 535 613 et
579 573 620 612 in
659 573 736 613 ista
775 574 945 614 cecitate
989 582 1157 615 tantum
1200 575 1392 616 turbatur
1425 575 1596 616 ecclesia

241 645 390 698 5quod
441 645 614 698 quidam
665 645 760 698 plus
809 645 985 684 credunt
1029 645 1155 699 signis
1202 646 1349 687 mortis
1394 646 1509 686 factis
1556 646 1597 685 in
1620 656 1787 696 Effcessjve
1807 661 1886 684 trust

273 713 450 767 vestigio
509 724 778 754 mortuorum
841 715 1140 756 defunctorum
1202 731 1332 771 quam
1399 716 1597 769 operibus
1646 700 1676 719 m
1699 693 1853 720 m1racies.

273 784 484 824 vivacibus
518 785 790 838 superstitum
810 794 1188 840 quantumcunque
1223 786 1496 827 conformiter
1517 787 1597 840 legi

275 854 429 895 Christi
466 854 719 895 vivencium.
766 856 819 896 Et
864 857 987 896 credo
1026 857 1141 910 quod
1186 857 1326 897 illusio
1367 857 1522 897 diaboli
1555 857 1597 897 in

272 924 425 964 talibus
470 925 598 979 signis
643 934 806 966 excecat
851 927 1081 979 populum3
1123 936 1221 981 post
1265 927 1385 967 illum
1424 941 1521 982 ergo
1555 928 1597 967 in

221 1014 260 1036 10
275 1009 362 1048 quo
395 995 544 1035 claruit
574 996 667 1035 viva
689 996 771 1036 vite
795 996 992 1036 sanctitas
1014 997 1288 1050 probabiliter
1317 998 1427 1038 credi
1458 1006 1598 1052 potest

277 1066 328 1105 ad
361 1067 673 1107 ostendendum
720 1067 807 1107 eius
853 1067 1116 1108 sanctitatem
1161 1068 1380 1123 signorum
1421 1069 1596 1121 claritas,

277 1137 348 1175 sed
393 1136 530 1177 adhuc
577 1151 663 1176 non
708 1146 794 1177 tan]
840 1137 1050 1178 evidenter
1095 1138 1203 1178 sicut
1253 1139 1295 1178 in
1340 1153 1426 1179 uno
1472 1153 1597 1193 opere

279 1205 508 1249 fructuoso.

334 1279 456 1318 Unde
489 1278 580 1318 talis
614 1279 820 1332 culpanda
854 1279 1015 1331 cecitas,
1049 1279 1311 1320 inordinatus
1341 1294 1387 1320 ac
1419 1280 1597 1334 cupidus
1646 1288 1710 1338 EviJ
1732 1287 1859 1350 οῖ’-τεῆς

223 1356 258 1388 15
276 1349 413 1389 cultus
438 1349 541 1389 circa
566 1349 760 1403 reliquias
783 1349 940 1390 faciunt
961 1350 1003 1389 in
1027 1365 1182 1404 penam
1206 1351 1361 1404 peccati
1387 1351 1598 1405 populum
1675 1332 1824 1358 uorsup.

276 1419 461 1458 multum
496 1419 593 1461 falli.
628 1421 750 1460 Unde
782 1420 824 1459 in
857 1421 1001 1460 multis
1035 1421 1178 1473 patriis
1222 1421 1377 1474 cupido
1419 1421 1597 1474 pecunie

277 1489 372 1529 facit
417 1490 457 1528 in
492 1490 637 1530 multis
671 1490 853 1530 ecclesiis
885 1491 1000 1544 quod
1034 1504 1128 1544 pars
1161 1505 1339 1544 persone
1363 1500 1516 1545 empte‚
1550 1500 1597 1531 ut

277 1559 548 1600 canonizetur
570 1574 649 1613 pro
673 1560 913 1600 confessore
935 1561 1000 1601 vel
1023 1561 1206 1613 martire,
1239 1561 1333 1614 plus
1364 1561 1596 1601 honoretur

276 1630 630 1683 peregrinacione,
665 1640 916 1684 sumptuosa
939 1631 1160 1671 oblacione
1193 1640 1232 1671 et
1259 1632 1437 1685 sepulcri
1473 1646 1594 1671 orna-

220 1719 260 1740 20
277 1700 396 1740 cione
456 1715 558 1741 auro
623 1710 662 1741 et
720 1701 929 1754 lapidibus
987 1701 1188 1755 preciosis
1255 1715 1385 1755 quam
1444 1716 1596 1755 corpus

278 1771 421 1810 matris
454 1772 544 1821 Dei,
588 1772 884 1824 apostolorum
928 1772 1035 1811 Petri
1083 1781 1121 1811 et
1154 1771 1270 1811 Pauli
1316 1772 1381 1811 vel
1426 1772 1595 1812 alterius

277 1841 439 1880 notorie
480 1841 600 1881 beati.
655 1842 708 1881 Et
746 1842 959 1882 evidencia
998 1842 1147 1882 talium
1181 1850 1260 1882 stat
1291 1842 1334 1880 in
1367 1841 1446 1882 isto
1480 1843 1595 1895 quod

276 1911 372 1950 talia
405 1921 584 1963 possunt
616 1911 702 1951 fieri
732 1926 827 1952 vere
860 1927 905 1952 ac
930 1912 1156 1964 meritorie,
1191 1922 1229 1952 et
1262 1912 1407 1965 prelati
1442 1912 1595 1966 quibus

276 1981 356 2020 hoc
390 1990 450 2021 est
484 1982 747 2035 incognitum
794 1982 1032 2036 approbant
1073 1983 1189 2036 quod
1224 1982 1275 2022 sit
1308 1983 1382 2034 ita3
1429 1983 1595 2022 nullum

218 2052 354 2092 25tale
389 2051 546 2091 factum
578 2054 758 2105 reprobo
793 2062 832 2092 et
855 2066 988 2106 pauca
1021 2053 1085 2092 vel
1119 2052 1233 2092 nulla
1257 2053 1463 2106 approbo,
1497 2053 1595 2106 quia

274 2122 598 2175 peregrinantes,
633 2123 828 2177 reliquias
868 2124 1089 2163 adorantes
1123 2133 1162 2163 et
1188 2123 1387 2176 pecunias
1421 2137 1595 2176 congre—

273 2201 418 2245 gantes
451 2194 607 2232 nedum
647 2203 821 2246 possent
859 2194 1057 2246 occupari
1103 2193 1246 2234 utilius
1293 2195 1373 2233 hoc
1407 2193 1595 2245 dimisso,

276 2263 345 2301 sed
381 2277 427 2302 ex
461 2262 577 2302 factis
612 2263 651 2301 in
686 2264 777 2315 lege
802 2263 959 2304 Christi
993 2274 1031 2304 et
1058 2264 1259 2317 scriptura
1282 2263 1446 2303 videtur
1478 2263 1595 2317 sequi

277 2335 392 2386 quod
442 2348 589 2373 omnes
642 2334 699 2373 sic
756 2334 938 2374 colentes
996 2335 1149 2374 debent
1211 2343 1391 2387 protunc
1448 2335 1596 2373 melius

218 2410 260 2442 30
276 2404 469 2457 occupari
516 2413 555 2443 et
599 2417 672 2457 per
704 2418 967 2458 consequens
1012 2414 1185 2457 peccant
1225 2405 1403 2458 graviter
1446 2404 1596 2444 melius

275 2473 526 2514 omittendo.
559 2474 737 2514 Dimitto
762 2484 929 2527 peccata
954 2489 1036 2528 que
1070 2475 1321 2527 contingunt
1353 2474 1596 2514 altrinsecus

275 2543 315 2582 in
361 2544 440 2583 hoc
485 2543 594 2584 facto
640 2554 678 2584 et
716 2545 939 2597 quomodo
986 2545 1125 2598 ipsum
1161 2554 1221 2585 est
1261 2545 1418 2584 factum
1458 2545 1595 2597 phari—

274 2613 433 2653 saicum
479 2623 646 2667 patrum
680 2614 829 2654 veteris
875 2615 1129 2665 testamenti,
1176 2616 1246 2655 sed
1293 2629 1376 2654 non
1424 2628 1470 2654 ex
1505 2615 1594 2668 lege

325 2808 349 2836 5.
366 2810 404 2837 B:
420 2810 503 2846 quod
518 2812 654 2845 quidem.
782 2811 810 2838 6.
829 2810 867 2838 13:
891 2815 1091 2838 mortuorum
1107 2811 1202 2838 deest.
1330 2818 1371 2844 14·
1388 2811 1413 2837 Α
1431 2810 1460 2837 in
1478 2817 1594 2844 marga

274 2856 352 2884 Nota
369 2857 406 2884 de
421 2858 685 2893 peregrinacione.
830 2865 871 2892 ¹9-
890 2858 916 2884 Α
933 2858 963 2884 in
980 2865 1094 2892 marg:
1110 2856 1190 2885 Nota
1206 2858 1244 2884 de
1260 2857 1434 2884 colentibus
1450 2857 1595 2892 reliquias

274 2909 454 2931 sanctorum
475 2904 592 2939 (sselow
615 2908 680 2940 '92⁴¹
702 2904 832 2931 without
854 2905 940 2932 mark
962 2905 996 2932 of
1015 2904 1194 2939 reference).

1435 2953 1478 2985 30
