2045 3312
156 297 231 334 166
864 302 1088 334 JonANNis
1116 302 1309 333 wvcrir.
1561 285 1756 343 [CAva.

439 426 566 450 omne
591 412 753 449 bonum
784 408 956 462 profluit
979 420 1134 460 sponse
1157 405 1327 456 Christi,
1361 415 1400 444 et
1424 414 1468 444 ut
1497 404 1553 443 sic
1587 403 1760 443 offendit
1780 415 1855 447 ,51ο
1879 414 1911 448 F

439 482 479 520 in
526 468 662 520 totam
709 478 940 529 ecclesiam,
973 477 1072 531 quia
1105 484 1249 515 contra
1280 475 1360 514 hoc
1395 474 1646 513 mandatum
1683 474 1757 513 do-

440 550 561 590 mini:
603 550 699 589 Non
740 549 927 601 loqueris
959 554 1112 587 contra
1147 546 1401 598 proximum
1444 551 1561 584 tumn
1583 544 1757 598 falsum

440 622 744 667 testimonium,
779 620 912 658 Exod.
947 619 1057 669 XX0‚
1105 618 1165 668 16,
1199 616 1419 655 iniuriatur
1451 624 1495 655 ut
1528 615 1586 654 sic
1619 622 1759 654 sancte

439 691 558 731 matri
584 689 772 730 ecclesie:
807 688 901 727 ideo
925 687 1031 726 absit
1056 686 1273 726 ecclesiam
1298 694 1488 738 expetere
1513 685 1757 724 huiusmodi
1776 697 1792 728 5

439 770 662 802 oratorem.
694 761 803 799 Nam
828 758 1064 797 secundum
1086 756 1378 809 Augustinum
1401 769 1527 808 super
1541 754 1758 793 Psalmum

441 834 551 872 Vssffl:
599 830 644 870 Si
688 830 764 869 lzoc
798 828 957 868 dicitur
988 827 1104 880 quod
1136 833 1212 879 est,
1251 839 1400 866 verum
1435 826 1608 877 dicitur,
1643 834 1682 865 et
1714 834 1760 864 ut

438 902 495 941 sic
540 902 590 940 ad
636 914 733 939 eum
767 899 837 952 qui
873 907 933 938 est
965 897 1194 948 acceditur3
1238 897 1276 936 si
1308 903 1449 936 autem
1485 896 1562 935 hoc
1600 895 1761 935 dicitur

438 972 551 1024 quod
584 984 667 1010 non
702 976 779 1022 est,
818 969 1088 1008 mendacium
1116 968 1176 1021 fit
1215 976 1253 1006 et
1285 981 1307 1005 a
1339 966 1509 1006 veritate
1541 966 1758 1006 receditur.

438 1042 540 1081 Ideo
583 1041 686 1080 dicit
722 1040 963 1092 propheta:
1013 1038 1169 1079 Perdes
1202 1051 1350 1078 omnes
1372 1034 1395 1058 ‘³²³
1419 1039 1492 1091 qui
1524 1038 1760 1090 quuunlur
1781 1043 1859 1077 :51‘1

440 1112 726 1151 mendacium.
780 1111 901 1151 Unde
950 1124 1000 1149 ne
1044 1108 1139 1162 quis
1184 1108 1402 1148 arbitretur
1446 1108 1680 1161 perfectum
1722 1117 1761 1147 et

439 1182 697 1235 spiritualem
730 1180 950 1219 hominem
984 1193 1060 1232 pro
1091 1179 1168 1219 ista
1197 1178 1418 1231 temporali
1452 1178 1537 1217 vita
1567 1177 1608 1216 in
1643 1177 1760 1217 cuius

440 1261 574 1292 morte
602 1265 689 1290 non
712 1249 918 1290 occiditur
933 1250 1086 1301 a'nima,
1104 1249 1188 1288 sive
1212 1263 1285 1288 sua
1309 1248 1392 1287 sive
1415 1248 1595 1299 alterius,
1612 1248 1761 1287 debere

439 1321 619 1373 mentiri,
658 1335 742 1360 non
776 1320 973 1360 inmerito
1007 1320 1048 1359 in
1088 1319 1170 1358 alio
1210 1320 1306 1359 loco
1339 1319 1543 1372 scriptum
1576 1327 1655 1358 est:
1703 1317 1761 1359 Os

441 1392 554 1446 quod
587 1393 792 1431 mentitur
825 1391 978 1430 occidit
1009 1391 1216 1430 animam.
1783 1396 1818 1428 15

497 1463 557 1501 Ex
576 1476 663 1516 quo
678 1471 793 1515 patet
811 1462 927 1515 quod
942 1475 1019 1514 pro
1035 1470 1122 1501 tota
1140 1460 1363 1500 universali
1379 1459 1550 1499 ecclesia
1567 1459 1762 1498 salvanda
1777 1466 1814 1499 G

441 1533 581 1572 nullus
613 1532 778 1585 sapiens
803 1532 1062 1583 mentiretur,
1097 1545 1196 1570 nam
1220 1544 1317 1570 cum
1341 1543 1469 1569 omne
1492 1530 1763 1569 mendacium

440 1603 490 1642 sit
512 1612 735 1656 peccatum
764 1612 908 1642 contra
931 1610 1138 1652 naturam,
1173 1615 1222 1640 eo
1246 1601 1361 1654 quod
1385 1609 1474 1640 tota
1506 1609 1653 1639 natura
1687 1600 1763 1640 fuit

442 1687 543 1726 pure
576 1673 617 1712 in
650 1673 821 1712 veritate
844 1672 931 1711 sine
956 1671 1177 1711 mendacio
1210 1670 1406 1724 primitus
1436 1670 1636 1721 instituta,
1670 1671 1763 1724 quis

198 1750 257 1776 and
279 1749 377 1775 ¹¹¹1’fflv
442 1752 683 1796 procuraret
698 1756 775 1796 pro
799 1743 913 1782 bono
937 1741 1105 1781 ecclesie
1121 1755 1194 1794 per
1207 1741 1331 1780 verba
1346 1737 1587 1780 mendacia?
1610 1742 1793 1780 Nonnel

179 1784 219 1810 do
247 1784 263 1809 b
297 1792 325 1809 οι
359 1785 384 1810 :l

165 1788 335 1852 heruriftsshtsj
355 1784 413 1845 aliid
441 1813 603 1853 domini
627 1813 831 1853 seculares
854 1813 1069 1852 audientes
1085 1812 1201 1865 quod
1217 1824 1291 1864 per
1305 1811 1460 1863 dogma
1476 1810 1642 1859 falsum,
1666 1811 1764 1864 quia

203 1853 377 1888 puniceus.
442 1898 514 1936 per
545 1882 828 1934 mendacium,
860 1882 912 1922 sit
944 1881 1209 1935 privilegium
1243 1881 1413 1921 ecclesie
1436 1880 1764 1932 defendendum,

441 1968 487 1994 ex
528 1953 705 1993 naturali
745 1952 906 1992 lumine
946 1952 1088 1992 statim
1128 1951 1427 1991 convincerent
1466 1952 1582 2005 quod
1625 1960 1765 1991 totum

443 2024 709 2077 privilegium
743 2023 793 2062 sit
827 2023 1007 2062 mendax
1042 2032 1081 2062 et
1115 2022 1314 2061 frivolum
1359 2022 1473 2075 quod
1519 2021 1677 2074 indiget
1709 2021 1765 2061 sic

445 2094 576 2134 fulciri
610 2090 863 2133 mendaciis?
909 2094 1062 2133 Nonne
1108 2093 1261 2132 iterum
1294 2092 1510 2132 audientes
1545 2093 1803 2131 doctoremZ

443 2164 613 2204 ecclesie
645 2163 931 2217 dogmatizare
975 2163 1142 2216 publice
1191 2164 1307 2217 quod
1342 2162 1555 2215 privilegia
1593 2161 1762 2201 ecclesie

443 2243 540 2273 sunt
585 2247 656 2287 per
696 2234 913 2273 mendacia
946 2233 1206 2286 inpetranda,
1251 2233 1563 2285 suspicarentur
1611 2233 1761 2285 proba-

444 2304 580 2344 biliter
624 2304 741 2357 quod
791 2313 878 2343 tota
937 2303 1150 2357 suggestio
1198 2318 1282 2356 qua
1325 2302 1603 2355 impetrantur
1652 2303 1763 2342 bona

444 2374 616 2413 ecclesie
649 2374 700 2413 sit
732 2375 911 2413 mendax
945 2383 984 2413 et
1019 2373 1131 2424 falsa,
1173 2383 1212 2413 et
1244 2387 1317 2427 per
1351 2387 1629 2426 consequens,
1669 2387 1762 2411 om-

445 2444 513 2483 nia
557 2444 625 2483 illa
670 2444 780 2483 bona
826 2442 963 2483 forent
1011 2457 1057 2482 ex
1103 2442 1268 2483 defectu
1301 2442 1564 2483 fundamenti
1610 2442 1765 2482 stabilis
1781 2446 1823 2478 30

444 2511 694 2554 auferenda?
743 2515 896 2554 Nonne
928 2513 1055 2554 tercio
1089 2514 1258 2553 credens
1292 2513 1509 2553 ecclesiam
1543 2513 1599 2552 sic
1639 2512 1805 2565 privi-E·

497 2639 526 2665 ij.
553 2639 581 2666 A
601 2638 629 2665 in
652 2646 767 2673 marg:
795 2639 1000 2673 Augustinus.
1145 2640 1171 2666 ³.
1193 2639 1273 2674 Aug.
1296 2638 1313 2665 l.
1337 2646 1380 2665 c.:
1410 2637 1441 2665 Si
1470 2637 1552 2665 enim
1574 2638 1632 2664 hoc
1654 2637 1765 2665 dicitur

444 2686 527 2722 qnod
549 2690 605 2722 est,
631 2693 738 2712 verum
761 2685 883 2721 dicitur,
913 2686 938 2713 si
960 2690 1062 2713 antem
1085 2686 1141 2713 hoc
1163 2685 1275 2713 dicitur
1294 2685 1376 2720 quod
1400 2692 1459 2712 non
1483 2690 1538 2721 est,
1566 2685 1762 2712 mendacium

444 2737 500 2759 est.
643 2731 685 2759 23.
709 2731 758 2758 ΒΛ
787 2740 823 2758 ex
845 2736 951 2759 natura
977 2732 1102 2760 lumine.
1247 2731 1289 2759 23.
1313 2733 1351 2758 13:
1379 2731 1588 2758 convinceret.
1621 2730 1763 2758 Rectius:

443 2778 713 2806 convincerentur.

501 2885 532 2916 7.
565 2875 653 2916 Aug.
688 2875 707 2905 1.
746 2884 772 2905 c.
812 2874 904 2917 Opp.
935 2875 991 2915 lV,
1038 2886 1070 2917 p.
1108 2875 1130 2914 l,
1164 2886 1194 2916 p.
1230 2874 1277 2905 18.
1421 2885 1451 2916 (J-
1492 2873 1619 2905 psalm.
1662 2874 1700 2913 V,
1734 2885 1764 2914 7.

450 2931 735 2975 16.5ap.1‚1=.
