2045 3312
196 247 214 284 5
225 249 274 286 52
968 264 1193 298 JOHANNIS
1219 267 1414 301 WYCLir.
1578 257 1682 315 [CAP.
1703 269 1813 298 xxm.

193 371 471 442 ῗὴιὸῑῖὲξὲιῶἓεοξίἕξ
496 367 647 407 tercia:
700 368 762 407 Ab
795 369 1006 420 omnibus,
1039 372 1193 425 inquit,
1233 375 1479 415 conceditur
1516 378 1964 433 indulgencias203013

201 443 463 506 ειῐὲεῐῃιίιξδιίἒὲιέηὲἕ
487 436 652 490 aliquid
671 438 828 488 valere,
862 440 962 493 quia
992 442 1166 495 impium
1202 450 1311 484 esset
1333 445 1471 486 dicere
1492 449 1605 501 quod
1636 451 1812 491 ecclesia

218 513 372 547 tempora!
394 521 468 575 ρετ-,1
485 507 651 560 aliquid
684 522 792 548 vane
819 509 1008 564 faceret.
1067 511 1148 552 Sed
1178 514 1353 567 quidam
1395 515 1540 557 dicunt
1577 520 1690 572 quod
1729 534 1810 561 non

195 548 458 620 n131nn05uri>gugt3rvyai
483 578 627 618 valent
657 578 715 618 ad
745 579 1049 621 absolvendum
1083 596 1108 622 a
1142 591 1265 623 reatu
1298 599 1409 638 pene
1431 586 1454 600 ²
1476 600 1602 641 quam
1637 592 1730 644 quis
1769 593 1810 632 in
1828 598 1910 634 203*1

476 650 740 702 purgatorio
796 651 1030 691 secundum
1083 653 1284 694 iudicium
1336 656 1421 696 Dei
1475 667 1678 710 meretur,
1736 662 1843 702 sed5

482 719 625 758 valent
661 720 717 759 ad
758 721 1006 761 solvendum
1052 724 1104 763 ab
1157 725 1423 779 obligacione
1472 742 1556 782 qua
1607 732 1809 772 sacerdos

482 789 688 843 obligavit
710 791 969 843 penitentem
1003 792 1060 832 acl
1083 807 1242 846 penam
1275 797 1464 850 aliquam
1498 800 1564 839 vel
1594 800 1651 840 ad
1681 815 1807 855 quam

483 860 615 900 eciam
650 861 879 901 ordinatur
910 876 964 902 ex
993 877 1206 904 canonum
1230 868 1414 908 statutis.
1451 868 1534 909 Sed
1564 870 1638 911 hec
1669 873 1809 925 opinio

489 943 571 970 non
617 931 783 971 videtur
820 944 945 983 vera,·
989 935 1134 987 primo
1179 937 1277 989 quia
1318 945 1380 978 est
1417 953 1620 993 expresse
1658 950 1807 983 contra

476 1001 755 1056 privilegium
781 1003 904 1042 Petro
937 1003 1101 1055 datum,
1137 1013 1182 1045 ut
1212 1007 1326 1060 quod
1347 1009 1388 1048 in
1421 1016 1539 1050 terra
1577 1013 1810 1054 remitteret
1829 1032 1866 1053 ιο

482 1077 522 1111 et
552 1072 593 1110 in
627 1073 715 1112 celo
749 1074 1051 1123 remitteretur,
1100 1076 1210 1117 unde
1241 1079 1435 1119 remissio
1473 1094 1553 1135 que
1576 1082 1637 1135 fit
1667 1084 1809 1137 quoad
1821 1092 1837 1124 1

472 1141 630 1195 forum
666 1144 850 1195 ecclesie,
889 1145 1003 1184 valet
1034 1147 1169 1186 eciam
1203 1156 1409 1201 quantum
1444 1151 1501 1191 ad
1516 1152 1675 1206 forum
1710 1154 1804 1195 Dei.

481 1212 603 1261 Item,
639 1214 816 1254 ecclesia
841 1214 1087 1256 huiusmodi
1119 1218 1434 1272 indulgenciam
1455 1222 1632 1275 faciens
1666 1226 1845 1279 magis2

481 1283 806 1338 dampnfficaret
855 1300 981 1339 quam
1035 1288 1271 1338 adiuvaret,
1323 1292 1421 1344 quia
1474 1295 1707 1335 remitteret
1751 1297 1807 1336 aci

480 1355 707 1408 graviores
724 1369 878 1408 penas,
900 1358 1059 1398 scilicet
1073 1361 1338 1414 purgatorii,
1361 1362 1620 1404 absolvendo
1641 1380 1666 1405 α
1682 1368 1804 1419 peni-
1826 1373 1862 1405 15

480 1425 625 1465 tenciis
670 1426 882 1466 iniunctis.
940 1428 992 1467 Et
1043 1429 1268 1471 manifeste
1323 1442 1439 1484 patet
1485 1434 1707 1487 deduccio,
1755 1452 1804 1478 eo

483 1497 600 1549 quod
628 1496 745 1536 iuxta
768 1497 1017 1549 opinionem
1042 1499 1313 1554 indulgencia
1341 1516 1424 1542 non
1456 1503 1555 1545 facit
1579 1506 1631 1545 ad
1656 1507 1801 1547 remis-

480 1567 643 1606 sionem
686 1568 726 1607 in
768 1569 1034 1621 purgatori0‚
1081 1572 1154 1610 sed
1201 1573 1413 1614 subducta
1454 1565 1801 1629 indulgenciam

480 1637 605 1689 pleno
629 1638 869 1690 penitencie
893 1638 1050 1680 faceret
1073 1641 1123 1680 ad
1150 1643 1442 1684 remissionem
1470 1645 1510 1685 in
1538 1649 1800 1701 purgatorio,

480 1708 598 1760 quod
633 1706 743 1748 foret
777 1708 992 1749 infinitum
1028 1713 1293 1763 prestancius
1334 1728 1463 1768 quam
1504 1717 1644 1770 aliqua
1683 1720 1801 1771 peni-
1819 1734 1860 1756 20

479 1778 615 1817 tencie
662 1779 727 1818 vie
774 1780 982 1820 remissio.
1038 1781 1139 1821 Ideo
1184 1783 1301 1823 iuxta
1348 1784 1456 1826 hanc
1503 1787 1612 1826 viam
1659 1790 1800 1830 omnis

478 1848 748 1900 indulgencia
803 1848 907 1888 foret
958 1850 1209 1904 impeditiva
1257 1853 1419 1895 fructus
1465 1858 1705 1909 penitencie
1759 1870 1798 1899 et

478 1919 642 1969 nociva,
678 1919 774 1959 ideo
799 1920 1034 1973 prudenter
1058 1923 1205 1963 dicunt
1233 1926 1450 1966 canoniste
1484 1929 1601 1981 quod
1625 1940 1801 1982 propter

477 1987 768 2040 indulgencias
810 2003 894 2030 non
934 2001 997 2031 est
1037 1992 1290 2034 dimittenda
1334 1996 1524 2038 iniuncta
1560 1999 1799 2052 penitencia

531 2168 550 2187 i.
571 2160 802 2196 indulgencias3
833 2162 863 2190 in
884 2162 992 2190 codd.:
1016 2164 1223 2199 indulgencia.
1253 2165 1390 2195 Correxi.
1535 2178 1560 2197 2.
1586 2170 1606 2198 Β
1629 2171 1658 2199 in
1681 2179 1799 2208 marg.:

475 2205 641 2235 Sentencia
663 2208 761 2235 sancti
776 2206 900 2236 Thome
921 2214 947 2237 et
969 2210 1186 2240 Bonaventure
1200 2221 1295 2249 super
1316 2215 1443 2243 materia
1458 2215 1729 2252 indulgenciarum
1744 2219 1800 2248 hec

475 2258 537 2281 est:
560 2253 750 2290 Concipiunt
771 2261 873 2283 autern
897 2257 979 2292 quod
1002 2257 1150 2286 dominus
1171 2267 1252 2295 papa
1274 2260 1312 2287 ad
1333 2266 1441 2289 votum
1463 2270 1554 2291 suum
1576 2270 1675 2299 potest
1696 2265 1798 2294 distri-

477 2300 570 2328 buere
591 2304 619 2328 et
642 2301 796 2336 impertiri
817 2303 989 2331 viatoribus
1011 2306 1048 2332 de
1069 2306 1204 2340 peccatis
1222 2308 1330 2336 saltem
1351 2309 1414 2336 suis
1436 2311 1669 2339 conterentibus
1691 2313 1799 2341 merita

475 2346 593 2375 Christi
609 2352 637 2375 et
652 2356 782 2376 suorum
798 2354 990 2386 sanctorum,
1013 2359 1072 2387 que
1093 2359 1203 2381 vocant
1224 2362 1318 2389 opera
1335 2363 1560 2392 supererogata
1573 2363 1600 2386 et
1615 2359 1796 2388 thesaurum

476 2394 615 2427 ecclesie,
635 2395 681 2422 sic
701 2396 783 2431 quod
807 2401 909 2431 potest
930 2398 981 2425 illa
1002 2398 1111 2426 merita
1131 2400 1200 2428 loco
1218 2402 1401 2430 meritorum
1423 2404 1573 2432 rudorum
1595 2405 1663 2441 (sic)
1684 2414 1798 2441 ponere

474 2441 511 2469 ad
534 2442 753 2471 remissionem
775 2445 892 2478 peccati
915 2446 995 2479 rudi,
1017 2451 1046 2475 et
1066 2447 1138 2483 quia
1161 2447 1211 2476 illa
1233 2449 1344 2476 merita
1365 2451 1517 2478 excedunt
1537 2459 1662 2480 omnem
1684 2461 1796 2488 penam

474 2489 627 2516 viantibus
658 2489 803 2525 debitam,
842 2491 911 2519 ideo
941 2493 1055 2520 habent
1093 2494 1265 2522 efficaciam
1300 2496 1422 2524 delendi
1454 2505 1546 2525 omne
1577 2503 1738 2533 peccatum
1769 2505 1797 2528 et

474 2535 601 2563 tollendi
622 2544 748 2564 ornnem
772 2545 883 2572 penam
905 2539 1042 2567 debitam
1061 2548 1116 2575 pro
1139 2546 1265 2576 peccato
1282 2550 1407 2577 magno.
1430 2542 1513 2579 Ergo
1535 2549 1562 2571 et
1584 2545 1735 2573 mirabilis
1751 2551 1797 2574 est

475 2582 604 2617 petentis
620 2583 688 2617 (sic)
703 2584 851 2611 dominus
866 2593 960 2620 papa,
982 2587 1031 2622 qui
1054 2591 1155 2621 potest
1172 2588 1227 2615 hec
1248 2589 1355 2616 merita
1367 2589 1470 2618 taliter
1484 2590 1634 2626 impertiri
1650 2597 1677 2619 et
1691 2592 1795 2627 gracia

474 2629 598 2656 illorum
628 2635 753 2664 peccata
775 2631 940 2666 remittere,
974 2641 1068 2668 penas
1089 2634 1197 2662 tollere
1225 2640 1251 2662 et
1278 2643 1311 2663 ea
1333 2636 1400 2663 loco
1428 2637 1637 2672 plurimorum
1661 2638 1793 2667 aliorum

473 2681 677 2703 commutare.
700 2676 759 2704 Sed
781 2685 887 2706 revera
909 2686 970 2706 non
994 2680 1082 2707 video
1103 2682 1263 2716 quomodo
1279 2686 1457 2711 sanctorum
1473 2686 1654 2713 communio
1674 2690 1793 2715 tantum

473 2722 626 2756 dependet
656 2731 691 2750 ex
712 2731 790 2759 pape
813 2730 895 2759 voto,
926 2733 997 2754 curn
1029 2735 1174 2762 magnam
1204 2728 1313 2756 habuit
1340 2729 1389 2756 iiia
1415 2732 1596 2759 communio
1624 2733 1792 2762 efficaciam

474 2772 544 2796 ante
564 2768 820 2798 adinvencionem
848 2771 937 2799 istius
965 2773 1200 2802 distribucionis
1227 2779 1279 2802 ant
1298 2775 1527 2811 imperticionis
1548 2779 1667 2814 papalis
1689 2788 1793 2815 preas-

473 2821 605 2851 sumpte.
748 2827 778 2853 4.
806 2819 834 2846 A
861 2819 890 2847 in
921 2828 1037 2855 marg.:
1070 2821 1186 2857 Opinio
1217 2822 1303 2850 falsa.
1338 2822 1378 2849 ss:
1406 2831 1423 2850 a
1449 2829 1533 2852 reatu
1555 2841 1587 2845 —
1607 2827 1792 2855 solvendum

474 2863 569 2889 deest.
713 2864 741 2891 (i.
763 2865 802 2891 B:
824 2865 860 2893 ab
881 2865 976 2894 deest.
1123 2867 1149 2895 S.
1169 2869 1195 2896 A
1219 2869 1248 2896 in
1273 2876 1390 2904 marg.:
1411 2872 1563 2906 Arguitur
1578 2877 1686 2901 contra
1707 2882 1792 2902 com-

475 2916 600 2937 munem
622 2910 802 2945 opinionem
825 2911 1103 2947 indulgenciarum.
1249 2915 1289 2943 16.
1313 2915 1351 2942 B:
1374 2918 1457 2951 quod
1480 2918 1639 2946 deduccio.
