2045 3312
243 252 333 281 cAp.
345 241 399 300 ν]
755 252 815 284 DE
842 250 1076 283 ECCLESIA.
1777 240 1852 279 105

91 374 131 409 M
152 371 228 416 ¹42⁶
243 362 434 402 cundum
466 372 593 413 quam
628 366 688 398 est
710 356 939 397 formaliter
960 369 1126 409 magna,
1150 365 1251 396 tunc
1275 356 1364 409 ipsa
1388 366 1447 396 est
1468 371 1564 397 vere

243 431 455 483 continua,
487 443 589 484 ymo
622 442 709 468 non
742 427 884 467 solum
916 426 1100 481 quelibet
1129 439 1223 480 pars
1246 425 1371 466 huius
1395 428 1564 468 ecclesie

244 501 515 543 continuatur
536 513 634 540 cum
657 498 797 552 aliqua
819 497 897 537 alia
921 497 1009 537 eius
1032 505 1161 551 parte,
1180 497 1253 537 sed
1268 510 1415 537 omnes
1440 498 1565 537 simul

244 572 496 627 copulantur
527 571 580 611 ad
613 570 796 610 eundem
828 568 1061 609 terminum
1094 581 1384 608 communem.

211 655 227 688 5
300 644 381 682 Pro
414 654 500 696 quo
534 640 784 680 declarando
827 652 1026 693 suppono
1071 638 1202 692 quod,
1236 638 1343 678 sicut
1395 638 1566 678 ecclesia

244 722 305 753 est
355 726 492 752 unum
543 710 819 765 aggregative,
874 709 930 749 sic
975 709 1217 749 membrum
1269 709 1356 749 eius
1389 717 1429 748 et
1461 709 1564 748 acci-

243 782 390 823 dencia
422 795 496 821 sua
531 790 629 821 sunt
660 794 797 821 unum
830 780 1107 833 aggregative.
1149 779 1282 820 Aliter
1322 779 1435 819 enim
1479 792 1566 818 non

244 853 351 893 foret
368 851 659 892 multitudinis
683 850 957 891 credencium
984 863 1059 890 cor
1087 864 1220 890 unum
1245 858 1285 890 et
1306 850 1452 889 anima
1477 863 1562 889 una

247 922 313 978 (ut
345 923 550 977 scriptura
582 936 696 962 sacra
736 921 836 962 dicit
867 924 960 961 Act.
1006 920 1083 962 IV0
1119 919 1205 975 32).
1241 921 1302 960 Ex
1335 934 1421 974 quo
1455 930 1568 974 patet

189 1017 228 1040 10
245 994 361 1048 quod
394 1007 544 1033 omnes
577 1001 714 1046 partes
748 991 918 1032 ecclesie
953 991 1169 1031 collective
1192 991 1400 1031 intellecte
1434 1005 1565 1045 copu-

242 1065 382 1104 lantur
413 1065 465 1104 ad
497 1064 680 1103 eundem
712 1062 943 1103 terminum
978 1075 1254 1101 communem
1288 1075 1335 1101 ex
1368 1062 1567 1102 omnibus

245 1134 546 1175 communibus
578 1132 766 1174 terminis
806 1132 975 1173 ecclesie
1008 1140 1293 1186 aggregatum.
1339 1133 1449 1172 Nam
1492 1133 1568 1173 iste

245 1204 487 1245 communis
519 1204 727 1244 terminus
760 1204 931 1257 copulat
959 1203 1194 1257 quamlibet
1233 1212 1396 1256 partem
1434 1218 1566 1258 quan-

243 1275 448 1315 titativam
482 1274 651 1314 ecclesie
684 1288 782 1314 cum
814 1274 906 1322 alia,
948 1273 1014 1313 hic
1047 1274 1283 1313 secundum
1316 1286 1445 1313 unam
1480 1274 1568 1314 eius

189 1359 226 1393 15
243 1354 406 1399 partem
438 1354 477 1385 et
509 1345 575 1385 hic
598 1346 834 1385 secundum
857 1344 995 1384 aliam.
1020 1344 1132 1383 Ymo
1156 1341 1222 1399 (ut
1244 1344 1379 1398 logice
1401 1345 1567 1398 loquar)

242 1417 348 1456 sicut
379 1425 563 1469 punctus
585 1415 808 1469 replicatus
831 1424 891 1455 est
914 1424 1001 1455 tota
1023 1415 1261 1455 substancia
1292 1414 1399 1454 linee
1422 1429 1565 1468 super-

242 1486 347 1526 ficiei
382 1495 421 1526 et
455 1486 641 1539 corporis
676 1485 935 1539 quantitatis,
971 1485 1028 1525 sic
1062 1485 1303 1525 substancia
1343 1486 1567 1526 materialis

244 1566 463 1612 aggregata
489 1566 549 1597 est
581 1556 826 1596 universum
858 1569 1113 1609 corporeum
1136 1565 1176 1596 et
1199 1556 1286 1596 eius
1309 1566 1445 1610 partes
1469 1567 1567 1597 sunt

243 1627 620 1682 proporcionaliter
636 1636 774 1681 partes
797 1627 960 1666 mundi.
977 1627 1109 1667 Aliter
1134 1627 1248 1666 enim
1263 1628 1385 1668 Deus
1405 1635 1567 1668 nonest

187 1722 227 1744 20
245 1700 505 1751 locutusper
520 1712 566 1739 os
579 1704 831 1738 sanctorum
854 1706 999 1737 contra
1023 1697 1272 1751 scripturam
1292 1699 1406 1738 Luce
1425 1698 1474 1750 10,
1498 1712 1567 1752 70,

244 1783 319 1809 nec
343 1769 514 1809 ecclesia
533 1769 640 1809 foret
661 1769 879 1809 unanimis
901 1781 986 1808 uno
1007 1781 1082 1808 ore
1102 1769 1392 1822 honorificans
1426 1769 1565 1808 Deum

244 1841 370 1880 Rom.
402 1840 514 1880 XV0.
552 1841 638 1879 Nec
684 1839 885 1879 distancia
929 1839 1072 1879 localis
1117 1853 1192 1878 nec
1231 1839 1566 1880 discontinuacio
1594 1852 1687 1880 Local
1709 1852 1849 1880 distance

156 1923 232 1965 143n
247 1910 541 1950 mathematice
559 1909 980 1963 quantitatisssobest,
996 1909 1094 1962 quia
1118 1909 1307 1948 similitas
1330 1910 1565 1950 secundum
1584 1888 1660 1950 diiii-i:
1680 1892 1861 1950 ixfiihliiiisr‘

246 1981 486 2020 interiorem
507 1980 729 2020 hominem
751 1988 790 2019 et
805 1979 1076 2019 adnascencia
1089 1980 1380 2019 membrorum
1396 1980 1566 2020 ecclesie
1669 1966 1777 1986 umon.

189 2064 226 2096 25
245 2052 480 2091 secundum
513 2050 725 2090 caritatem
757 2051 916 2090 excedit
948 2050 1153 2090 unitatem
1186 2050 1435 2090 sensibilem.

198 2134 234 2167 N
306 2121 501 2172 Ulterius,
535 2135 633 2161 cum
665 2121 801 2160 maior
834 2121 884 2160 sit
916 2120 1053 2161 unitas
1086 2121 1221 2174 gracie
1245 2134 1375 2174 quam
1408 2129 1567 2173 nature,
1616 2131 1680 2160 Not
1701 2133 1825 2172 onlyis,

247 2192 558 2232 ostendendum
590 2192 753 2232 videtur
793 2192 907 2245 quod
946 2206 1033 2231 non
1073 2191 1211 2231 solum
1252 2191 1437 2245 quelibet
1474 2206 1567 2244 pars
1583 2168 1685 2229 niiciiig
1701 2173 1859 2241 ἒοὲζῃὲζη

247 2262 417 2303 ecclesie
451 2263 722 2302 continuatur
744 2276 839 2303 cum
865 2261 956 2313 alia,
991 2276 1066 2301 nec
1101 2261 1242 2302 solum
1265 2263 1382 2315 quod
1415 2276 1566 2301 omnes
1582 2242 1855 2300 ei'ibyticqiffxtvitiffn

246 2342 382 2386 partes
429 2333 599 2373 ecclesie
646 2332 948 2372 continuantur
991 2334 1042 2372 ad
1090 2332 1284 2383 invicem,
1333 2333 1404 2372 sed
1449 2335 1567 2386 quod
1617 2316 1708 2344 every
1729 2308 1829 2344 other,

190 2415 231 2447 30
247 2403 431 2457 quelibet
463 2403 550 2443 eius
595 2416 690 2456 pars
736 2402 1007 2443 continuatur
1051 2416 1148 2442 cum
1193 2402 1392 2456 qualibet.
1457 2405 1567 2443 Nam

247 2473 386 2514 omnis
430 2487 525 2527 pars
570 2473 739 2513 ecclesie
785 2473 1009 2526 copulatur
1053 2473 1224 2512 cuilibet
1266 2487 1340 2526 per
1384 2474 1567 2513 eundem

245 2544 475 2585 terminum
509 2557 802 2591 communem,
838 2557 937 2597 ergo
971 2543 1110 2583 omnis
1144 2557 1238 2597 pars
1261 2543 1431 2583 eccleSIe
1465 2558 1564 2583 con-

244 2614 431 2654 tinuatur
453 2614 634 2655 cuilibet.
654 2615 735 2654 Pro
758 2623 977 2668 assumpto
1001 2627 1201 2667 suppono
1224 2614 1340 2667 quod
1360 2615 1568 2654 mediator

246 2684 321 2724 Dei
374 2693 413 2724 et
443 2684 672 2724 hominum
726 2683 919 2724 Christus
969 2684 1086 2724 Jesus
1140 2684 1291 2737 plenus
1340 2685 1475 2738 gracie
1528 2693 1567 2724 et
1582 2681 1667 2709 ⁵³¹¹oe
1684 2682 1758 2709 each
1771 2682 1859 2717 ¹12¹?ss

190 2763 230 2796 35
245 2754 427 2794 veritatis
480 2754 601 2794 faciat
655 2754 887 2808 quamlibet
929 2763 1093 2808 partem
1146 2754 1315 2794 ecclesie
1366 2755 1566 2808 prodesse
1695 2717 1744 2754 all,

300 2875 329 2901 9.
350 2867 389 2894 B:
410 2872 438 2895 et
459 2868 622 2903 scriptura.
643 2869 688 2895 A:
710 2869 780 2894 Act.
801 2867 846 2893 10.
1009 2876 1051 2894 22.
1074 2869 1106 2895 In
1128 2869 1224 2895 codd.
1245 2867 1312 2895 Joh.
1335 2868 1408 2896 XV:
1431 2868 1563 2895 correxi.

248 2914 500 2949 26.Ain1uarg.:
516 2914 698 2942 Conclusio.
712 2913 793 2941 Nota
815 2913 951 2949 quelibet
965 2923 1034 2949 pars
1056 2916 1186 2943 ecclesie
1211 2914 1407 2942 continuatur
1429 2913 1562 2941 cuilibet.
