2045 3312
141 282 215 308 122
867 279 1093 312 JOHANNJS
1120 279 1316 312 WYCLIF.
1569 265 1675 324 [cm.
1694 276 1744 304 vi.

133 394 409 457 bugoigisoxzqotthtehe
425 387 570 426 beatus
602 385 646 425 in
680 385 769 426 celo
805 395 844 426 et
877 386 1132 439 dampnatus
1164 385 1206 424 in
1238 384 1416 436 inferno,
1459 394 1498 425 et
1531 393 1592 425 est
1624 385 1745 424 ambe
1767 393 1844 437 ¹451,
1864 394 1896 428 F

164 438 374 528 1533{g}{{113
423 466 500 497 iste
521 457 690 497 ecclesie
713 457 785 496 sed
800 465 946 497 neutra
968 456 1148 509 illarum,
1165 465 1204 496 et
1219 470 1371 510 corpus
1388 456 1492 496 illud
1512 456 1747 496 secundum

220 532 311 564 ἀει-Η-
425 541 467 567 se
500 537 641 568 totum
675 536 736 567 est
769 526 946 579 domini,
980 528 1051 567 sed
1084 541 1170 567 non
1205 536 1266 567 est
1299 541 1451 580 corpus
1474 525 1636 567 domini
1670 539 1746 566 nec

424 606 485 639 est
517 612 670 652 corpus
703 597 873 649 diaboli,
907 611 1007 637 cum
1038 606 1180 638 totum
1211 598 1410 651 integrale
1444 611 1531 638 non
1565 606 1625 637 est
1657 597 1745 637 eius

131 675 326 724 Ayyholeis
355 681 409 703 not
424 682 517 722 pars
550 668 829 722 quantitativa
861 669 933 708 sed
967 678 1028 708 est
1065 667 1153 708 eius
1192 676 1330 721 partes
1370 667 1660 722 quantitative,
1706 676 1779 709 et5

161 711 374 782 libitgibrziiffg-Ut
423 739 479 779 sic
513 750 572 779 est
605 738 815 779 collectim
848 752 1002 792 corpus
1036 738 1199 778 domini
1234 747 1273 778 et
1307 751 1459 792 corpus
1493 737 1664 778 diaboli.

146 817 400 844 ltisaslander
480 810 604 850 Unde
642 809 806 850 videtur
842 808 947 848 mihi
987 809 1104 863 quod
1149 808 1205 848 illi
1250 822 1337 848 non
1381 808 1522 849 minus
1565 808 1743 848 heretice

131 861 171 914 ‘iii
192 853 252 915 stilii
266 852 408 915 tliaiiutslieil
422 893 552 934 quam
585 880 828 933 blaspheme
843 879 869 907 ²³²
884 879 1166 919 scandalizant
1188 888 1375 920 sanctam
1406 888 1585 919 matrem
1617 879 1743 919 eccle·
1764 889 1840 930 145c

131 924 407 993 reggcgpagtghffiim
422 950 528 990 siam
576 951 648 1004 qui
683 950 828 990 dicunt
860 951 978 1004 quod
1010 950 1136 990 habet
1175 959 1221 990 ut
1258 959 1398 1004 partes
1438 950 1745 1003 componencia

422 1030 485 1061 tot
522 1021 712 1061 membra
744 1020 914 1072 diaboli,
958 1020 1057 1074 quia
1097 1020 1269 1061 indubie
1308 1030 1409 1060 tunc
1447 1019 1554 1060 foret
1594 1020 1803 1074 turpis-10

422 1092 526 1131 sima
559 1101 599 1132 et
630 1106 654 1131 a
685 1092 776 1131 Deo
809 1091 991 1130 maxime
1014 1091 1140 1143 odita,
1164 1091 1263 1145 quia
1287 1092 1522 1132 secundum
1544 1106 1745 1146 magnam

421 1171 595 1216 partem.
642 1163 694 1202 Et
726 1176 824 1202 cum
857 1161 1131 1203 Canticorum
1164 1163 1260 1215 IV0,
1294 1178 1333 1218 7,
1367 1163 1418 1203 de
1464 1163 1532 1203 illa
1576 1162 1744 1203 dicitur:

427 1234 531 1273 Tota
557 1234 750 1287 pulchra
784 1245 827 1272 es
859 1233 1000 1272 amica
1034 1245 1129 1272 mea
1163 1239 1201 1273 et
1223 1233 1395 1273 macula
1418 1246 1502 1273 non
1529 1239 1590 1273 est
1622 1234 1742 1285 inte,

421 1314 459 1344 et
477 1305 695 1358 apostolus
711 1305 819 1358 Eph.
836 1305 908 1356 VO,
929 1316 995 1358 27,
1016 1304 1115 1344 dicit
1138 1304 1259 1345 illam
1285 1317 1376 1344 esse
1395 1304 1638 1354 ecclesiam,
1659 1317 1743 1344 non

421 1376 644 1416 habentem
700 1379 916 1417 maculam
971 1390 1106 1430 neque
1157 1388 1335 1429 rugam,
1401 1384 1440 1415 et
1491 1375 1595 1415 illud
1647 1375 1745 1415 dicit
1765 1380 1800 1413 15

421 1447 639 1487 decretum
663 1446 728 1501 (ut
750 1457 865 1501 patet
888 1448 931 1487 in
963 1446 1046 1487 fine
1076 1447 1170 1486 XIII
1195 1444 1323 1499 cap.):
1355 1459 1448 1485 curn
1471 1458 1569 1499 ergo
1602 1446 1744 1486 nullus

421 1518 545 1558 debet
578 1518 769 1558 dubitare
802 1519 903 1572 quin
943 1517 1088 1558 omnia
1125 1516 1204 1557 ista
1241 1516 1476 1570 loquuntur
1513 1516 1564 1556 de
1602 1525 1745 1556 sancta

420 1598 552 1629 matre
587 1589 773 1641 ecclesia,
796 1588 1068 1629 manifestum
1090 1587 1255 1628 videtur
1278 1587 1395 1641 quod
1417 1587 1488 1627 illa
1509 1601 1596 1627 non
1618 1587 1745 1629 habet

418 1659 461 1698 in
493 1659 557 1699 sui
592 1659 956 1713 composicionem
987 1658 1163 1713 aliquod
1195 1657 1438 1697 membrum
1471 1657 1639 1709 diaboli,
1672 1659 1743 1697 sed

420 1729 528 1770 sicut
571 1730 755 1782 prudens
798 1728 1096 1783 paterfamilias
1148 1742 1233 1768 non
1285 1729 1461 1782 adoptat
1507 1727 1550 1767 in
1609 1727 1744 1768 filium
1761 1743 1802 1765 20

420 1813 549 1854 quem
571 1800 647 1840 scit
669 1801 841 1853 perdere
864 1810 1027 1854 patrem
1051 1813 1190 1852 suum,
1215 1799 1272 1840 sic
1296 1800 1346 1839 de
1370 1799 1476 1851 Deo,
1510 1799 1607 1853 quia
1629 1799 1745 1840 iuxta

420 1871 677 1924 apostolum,
711 1873 749 1912 si
781 1872 1007 1912 ordinaret
1025 1871 1164 1925 filios,
1198 1877 1236 1910 et
1268 1869 1459 1911 heredes.
1500 1868 1614 1910 Cum
1647 1884 1744 1923 ergo

419 1941 534 1982 iuxta
567 1942 731 1982 decreta
762 1941 830 1981 ille
869 1941 979 1982 cadit
1010 1941 1054 1981 in
1086 1941 1268 1981 heresim
1308 1940 1379 1995 qui
1412 1940 1530 1981 aliter
1572 1941 1745 1995 exponit

420 2012 670 2065 scripturam
702 2026 863 2052 sacram
896 2026 1024 2067 quam
1057 2011 1225 2065 spiritus
1252 2020 1419 2052 sanctus
1442 2011 1611 2065 flagitat,
1637 2011 1744 2052 sicut

421 2092 459 2123 et
498 2083 566 2123 ille
605 2083 676 2138 qui
721 2083 905 2136 imponit
947 2091 1116 2123 tantum
1162 2082 1321 2122 vicium
1365 2092 1506 2122 sancte
1551 2083 1741 2122 Romane
1760 2084 1799 2117 25

421 2153 605 2205 ecclesie,
639 2163 678 2193 et
709 2153 880 2193 indubie
914 2152 1160 2193 scandalum
1191 2153 1272 2192 tale
1304 2152 1556 2192 redundaret
1592 2153 1635 2192 in
1668 2153 1742 2192 Dei

420 2223 744 2276 blasphemiam,
768 2224 988 2277 quomodo
1012 2236 1118 2276 rogo
1142 2222 1248 2263 foret
1262 2231 1402 2276 gratus
1424 2222 1547 2263 matri
1571 2222 1742 2262 ecclesie

420 2294 484 2333 vel
518 2307 677 2346 sponso
703 2307 780 2333 suo
804 2293 875 2347 qui
900 2293 1138 2346 imponeret
1160 2293 1216 2332 eis
1244 2302 1405 2333 tantam
1430 2289 1741 2345 calumpniam?

420 2364 574 2403 Nonne
598 2363 731 2403 Exodi
756 2364 886 2416 XX10,
910 2378 955 2418 17
980 2378 1084 2417 cap.,
1108 2363 1338 2417 precipitur
1360 2363 1451 2415 lege
1468 2363 1635 2416 sponsi:
1659 2363 1741 2412 Qui

422 2433 696 2474 maledixerit
736 2435 859 2486 patri
906 2435 973 2474 vel
1029 2435 1159 2474 matri
1202 2433 1452 2474 moriatur?
1495 2434 1592 2473 Non
1641 2446 1738 2486 ergo
1755 2434 1797 2466 30

420 2504 695 2557 imponamus
744 2504 867 2544 matri
913 2514 1056 2546 nostre
1100 2504 1449 2545 malediccionem
1489 2513 1528 2544 et
1560 2503 1738 2543 heresim

422 2574 659 2615 cuiusmodi
694 2576 927 2616 necessario
961 2585 1022 2616 est
1054 2576 1244 2630 singulus
1276 2575 1568 2628 prescitorum.

474 2698 516 2725 η.
532 2690 559 2716 Α
575 2690 612 2723 A,
634 2689 716 2716 illam
738 2697 823 2716 csse:
845 2690 983 2725 sequitur
1003 2691 1129 2725 lacuna;
1151 2690 1331 2719 eeclesiam:
1355 2691 1449 2718 deest.
1542 2689 1577 2718 15.
1598 2688 1640 2716 13:
1662 2689 1741 2717 sicut

421 2737 504 2764 dicit.
636 2743 753 2764 'ao—ss.
776 2738 803 2764 A
824 2737 881 2771 A,:
903 2736 933 2764 in
954 2736 1157 2765 -ordinaret
1178 2738 1274 2766 deest.
1297 2737 1336 2765 B:
1358 2744 1450 2773 quem
1471 2736 1520 2764 sit.
1623 2744 1670 2771 25).
1693 2738 1738 2764 A:

420 2783 532 2811 Nonne
547 2783 657 2810 eodem
679 2782 816 2818 XX1.A,
832 2791 910 2811 corr.
933 2783 962 2811 in
980 2792 1076 2819 marg.
1220 2783 1267 2813 30.
1289 2785 1330 2820 A,
1349 2784 1379 2811 in
1398 2792 1496 2819 marg.
1519 2783 1607 2812 add:
1629 2788 1738 2820 morte,

420 2836 452 2858 ut
471 2830 571 2858 Exod.
595 2829 674 2867 xxi,
696 2837 736 2865 17.

482 2935 536 2957 22.
562 2926 663 2958 Rom.
690 2926 777 2968 Vlll,
808 2938 856 2970 17.
