2045 3312
250 249 425 308 CAP-X1-]
739 262 799 293 DE
826 261 1062 294 ECCLEsiA.
1780 245 1828 284 23
1845 260 1853 285 ¹

99 369 359 420 0161⁴=dere,
407 382 458 408 ne
506 368 753 408 subtrahant
797 366 1009 407 iusticiam
1052 367 1117 405 vel
1162 365 1341 405 inferant
1376 365 1573 404 iniuriam

250 439 386 479 alicui.
434 438 554 479 Unde
585 438 734 489 XXV‘01‚
781 451 820 490 q.
856 437 905 490 ΙΙ,
965 437 1090 485 Quod
1132 450 1247 488 vero,
1281 435 1379 475 dicit
1412 434 1571 487 Grego-

250 509 352 550 rius:
412 508 530 549 Absit
580 508 657 547 hoc
701 520 727 546 a
773 521 838 548 me
889 513 934 546 ut
984 513 1149 547 statuta
1199 507 1416 547 maiorum
1475 517 1570 544 cum

249 578 547 620 sacerdotibus
598 578 702 618 meis
754 579 797 618 in
850 578 1043 631 qualibet
1084 578 1266 618 ecclesia
1312 575 1572 631 infringam,

217 651 351 703 §quia
396 649 501 690 mihi
543 650 752 689 iniuriam
774 649 917 704 facio,
951 650 988 689 si
1005 648 1213 704 fratrum
1247 660 1440 688 meorum
1474 646 1572 685 iura

241 721 468 773 perturbo.
533 720 586 759 Et
617 719 789 759 indubie
822 719 934 759 idem
974 718 1081 759 foret
1127 718 1334 758 iudicium
1371 717 1421 756 de
1465 729 1572 770 quo-

249 791 350 831 libet
379 790 551 841 viatore,
597 790 716 844 quod
748 789 781 829 si
814 789 1119 842 privilegiando
1152 788 1362 842 precludit
1401 786 1572 826 cuicun-

251 875 332 916 que
350 861 572 912 iusticiam,
588 859 861 913 dampnificat
882 869 970 899 tam
993 873 1035 899 se
1056 873 1185 913 quam
1201 857 1574 912 privilegIandum3

250 933 366 987 quod
398 945 486 972 non
517 931 614 970 licet
644 930 710 970 vel
742 930 833 970 Deo
867 929 1013 970 facere.

196 1011 231 1045 D
308 1003 369 1043 Ex
400 1002 487 1042 istis
529 1001 716 1041 secundo
751 999 940 1054 sequitur
972 1000 1088 1054 quod
1123 999 1289 1054 fugitivi
1322 997 1573 1052 privilegiati
1588 1001 1695 1029 Hence
1721 1001 1865 1036 fugitives

249 1074 293 1114 in
325 1071 711 1114 Westmonasterio
755 1085 844 1111 non
892 1085 939 1110 ex
971 1070 1069 1110 hinc
1113 1071 1373 1121 libertantur‚
1406 1078 1453 1109 ut
1488 1082 1574 1108 non
1601 1037 1857 1107 ‘iitrgrggilieinllrdeee

251 1142 506 1184 satisfaciant
549 1141 728 1182 debitori
772 1141 837 1181 vel
882 1141 997 1195 quod
1040 1140 1197 1180 ibidem
1247 1149 1446 1180 maneant
1497 1152 1574 1192 pro
1613 1107 1845 1178 zfugffitnqerngt

252 1229 329 1255 suo
381 1221 588 1268 perpetuo
641 1212 729 1252 sine
782 1225 891 1265 pena
943 1210 1219 1251 correccionis
1264 1210 1454 1261 salubris,
1503 1210 1575 1249 sed

252 1285 436 1339 aliquam
484 1282 774 1323 defensionem
807 1281 1064 1335 singularem
1102 1281 1259 1321 habent
1296 1280 1452 1320 ibidem
1492 1294 1574 1333 que

198 1364 235 1396 15
252 1364 374 1395 sonat
419 1354 475 1393 eis
521 1353 564 1392 in
609 1353 891 1393 commodum
936 1361 975 1391 et
1020 1365 1107 1391 non
1152 1351 1195 1390 in
1240 1352 1478 1404 dampnum
1510 1351 1575 1390 vel

251 1423 449 1464 iniuriam
482 1422 619 1464 alicui.
655 1422 793 1462 Prima
825 1435 921 1475 pars
955 1431 1083 1475 patet,
1117 1432 1209 1461 tum
1243 1421 1341 1475 quia
1373 1421 1454 1461 hoc
1487 1435 1574 1460 non

251 1494 438 1549 sequitur
482 1507 530 1533 ex
573 1502 718 1533 tenore
763 1493 990 1532 verborum
1035 1491 1255 1545 privilegii,
1303 1501 1397 1531 tum
1441 1491 1573 1531 eciam
1589 1493 1866 1557 Sbigssgiglgfflgwxgffsd

252 1566 349 1620 quia
385 1565 465 1605 hoc
503 1578 590 1604 non
631 1563 738 1604 foret
769 1563 937 1603 libertas
969 1563 1035 1602 vel
1068 1562 1340 1616 privilegium
1374 1562 1446 1602 sed
1478 1575 1573 1615 pra-

252 1636 423 1676 vissima
467 1635 716 1687 corruptela.
763 1634 874 1673 Nam
919 1634 1170 1674 mandatum
1203 1632 1387 1686 apostoli
1433 1642 1473 1672 et
1518 1632 1574 1672 sic

196 1726 236 1748 20
252 1707 328 1747 Dei
362 1716 422 1746 est
448 1707 574 1746 Rom.
598 1705 712 1745 ΧΙΙΙΟ
737 1705 780 1745 8:
806 1705 979 1744 Nemini
1007 1704 1242 1759 quidquam
1268 1704 1456 1744 debeatis
1490 1703 1576 1743 nisi

256 1785 300 1818 ut
345 1778 524 1818 invicem
570 1776 778 1830 diligatis.
826 1777 1063 1825 Quomodo
1113 1788 1212 1828 ergo
1259 1774 1355 1814 licet
1388 1784 1574 1814 creature

252 1847 468 1888 licenciare
502 1847 699 1900 aliquem,
733 1855 779 1887 ut
811 1855 1025 1886 remaneat
1057 1845 1099 1884 in
1131 1845 1273 1885 debito
1306 1844 1454 1896 fratris,
1488 1857 1573 1883 non

255 1917 521 1969 satisfaciens,
555 1917 688 1957 eciam
721 1917 862 1970 quoad
893 1912 1056 1956 Deum?
1080 1915 1205 1955 Tales
1237 1915 1378 1969 itaque
1411 1914 1574 1954 hereses

256 1989 287 2028 si
340 1986 640 2042 pullulaverint
692 1987 824 2027 eciam
884 1999 956 2039 per
1007 1985 1208 2026 dominos
1260 1985 1375 2038 regni
1429 1984 1574 2035 nostri,

199 2066 451 2099 25tenentur
480 2058 625 2112 prelati
657 2058 880 2097 destruere.
919 2057 1042 2097 Unde
1087 2057 1237 2107 XXV²³‚
1290 2069 1328 2109 q.
1376 2055 1404 2106 Ι,
1439 2054 1575 2094 Omne

255 2128 386 2182 quod,
432 2128 488 2168 sic
522 2127 730 2168 scribitur:
776 2127 991 2168 Iniustum
1034 2126 1241 2167 iudicium
1288 2132 1328 2166 et
1361 2124 1573 2179 diffinicio

255 2200 414 2240 iniusta
460 2199 582 2253 regio
629 2205 741 2239 metu
789 2200 855 2238 vel
887 2199 1007 2238 iussu
1041 2211 1066 2237 a
1107 2196 1324 2237 iudicibus
1373 2195 1574 2235 ordinata

256 2283 339 2309 non
387 2270 541 2321 valeat,
587 2280 863 2322 nequaquam
899 2269 1007 2308 enim
1041 2267 1158 2321 quod
1189 2273 1343 2306 contra
1387 2278 1574 2320 evange-

257 2342 381 2380 licam
427 2341 494 2380 vel
535 2340 837 2392 propheticam
882 2338 948 2378 vel
998 2338 1279 2390 apostolicam
1332 2336 1573 2376 doctrinam

201 2415 244 2448 30
260 2410 659 2450 constitucionemve
704 2422 851 2448 eorum
885 2409 974 2448 sive
1004 2415 1256 2448 sanctorum
1282 2413 1462 2459 patrum
1505 2419 1574 2445 ac-

257 2487 346 2520 tum
359 2481 519 2536 fuerit,
541 2480 682 2521 stabit.
708 2480 829 2520 Unde
848 2478 974 2519 istam
996 2478 1231 2519 doctrinam
1253 2476 1403 2517 dicitur
1417 2478 1575 2517 Roma-

310 2640 349 2660 10.
384 2632 463 2659 Ain
489 2639 605 2666 marg:
638 2629 782 2658 Secunda
802 2628 972 2656 conclusio.
1115 2635 1159 2655 20.
1191 2627 1224 2654 In
1255 2626 1363 2655 codd.:
1393 2626 1481 2654 Rom.
1508 2624 1574 2652 XII.

258 2679 303 2707 28.
324 2679 346 2706 B
367 2679 397 2706 in
418 2686 533 2713 marg:
563 2678 617 2706 Est
643 2676 691 2705 hic
713 2675 876 2704 manifeste
904 2674 1034 2703 elicibile
1064 2675 1148 2711 quod
1179 2682 1242 2702 non
1270 2673 1341 2702 licet
1369 2677 1478 2701 contra
1504 2679 1576 2707 apo-

258 2727 372 2754 stolum
393 2726 589 2760 dispensare:

320 2854 349 2876 2.
376 2844 476 2876 Dect.
503 2853 572 2875 sec.
597 2853 688 2886 parS,
722 2852 826 2875 causa
853 2842 961 2879 XXV,
994 2852 1029 2885 q.
1056 2842 1095 2883 II,
1128 2852 1201 2884 cap.
1227 2841 1268 2872 X.
1414 2838 1464 2871 25.
1492 2839 1575 2870 Dec.

260 2911 328 2935 sec.
360 2911 450 2944 pam,
484 2911 587 2933 causa
611 2900 717 2941 XXV,
758 2911 790 2943 q.
818 2900 842 2940 I,
876 2910 903 2931 c.
932 2899 1017 2932 VIII.
