2045 3312
350 238 441 266 CAP.
464 228 575 286 xvii]
865 242 922 272 DE
950 241 1185 273 ECCLESIA.
1880 245 1926 283 4¹
1943 246 1961 284 3

199 357 233 398 Q
257 357 333 389 18&a
349 346 564 386 Christum
597 361 679 385 non
715 360 815 394 esse,
856 360 930 386 nec
973 347 1078 400 sapit
1118 347 1470 387 incarcerantibus
1504 360 1672 401 presens

347 425 514 470 tempus
560 418 675 470 quod
722 432 744 457 a
788 426 921 456 morte
968 417 1122 457 Christi
1170 427 1430 457 sacramenta
1479 430 1670 470 sumpse-

347 496 445 527 runt
476 501 595 527 suam
628 487 846 540 originem,
881 487 987 527 sicut
1020 497 1134 540 patet
1171 488 1388 541 querendo
1421 501 1504 540 que
1537 501 1670 527 sacra·

349 567 490 597 menta
523 568 561 597 et
595 558 765 611 quando
799 567 1073 610 sumpserunt
1105 572 1127 596 a
1160 558 1267 597 dicta
1292 566 1427 597 morte
1450 557 1670 610 originem.

315 628 432 670 §Nec
477 628 585 668 valet
627 628 705 668 alia
744 628 963 681 responsio
997 642 1079 681 qua
1114 628 1264 667 dicitur
1297 628 1411 681 quod
1444 627 1672 680 descripcio
1711 634 1760 671 My
1775 641 1936 671 opponent

347 698 531 750 predicta
583 698 750 738 ecclesie
805 712 888 737 non
943 698 1166 751 compeciit
1220 697 1392 737 ecclesie
1437 697 1478 736 in
1526 706 1671 736 sancto
1698 672 1954 734 dseafiynsmtgsstdhggs

346 768 498 819 triduo,
532 778 624 808 tum
658 768 754 821 quia
789 778 889 808 tunc
924 768 1153 821 descripcio
1188 782 1271 807 non
1295 768 1448 807 valeret
1482 778 1671 822 queram
1697 743 1951 840 ttlligttfiliiiiir'cygtiq

347 838 428 878 cito
474 837 667 878 deficeret
710 839 751 877 in
798 838 968 878 floribus
1003 838 1171 878 ecclesie
1217 838 1440 891 primitive,
1486 848 1578 879 tum
1610 852 1671 878 se·
1718 820 1745 838 le
1787 819 1850 839 iree
1900 821 1964 849 ays.

347 909 485 947 cundo
532 909 628 962 quia
672 909 786 948 iuxta
831 909 1036 948 declarata
1076 908 1304 961 descripcio
1351 909 1520 948 ecclesie
1555 923 1670 948 com—

292 998 332 1019 io
347 979 470 1031 peciit
503 979 734 1019 christianis
780 989 875 1019 ante
909 988 1092 1019 mortem
1127 978 1281 1018 Christi
1317 988 1355 1018 et
1388 992 1460 1031 per
1494 979 1605 1019 idem
1630 980 1670 1018 in

349 1058 492 1088 sancto
526 1049 681 1090 triduo
718 1051 816 1089 Non
850 1063 947 1103 ergo
981 1049 1208 1088 deserenda
1234 1057 1294 1087 est
1327 1057 1414 1087 tam
1448 1048 1529 1088 cito
1563 1049 1671 1088 dicta
1731 1057 1808 1085 This
1829 1058 1855 1086 is
1877 1067 1913 1086 an

1686 1095 1771 1129 early
1804 1095 1960 1122 desertion

347 1119 590 1172 descripcio,
636 1134 733 1159 cum
778 1120 820 1159 in
868 1120 949 1159 fine
991 1118 1167 1158 adicitur
1226 1118 1342 1171 quod
1404 1119 1528 1158 stabit
1584 1132 1669 1158 non
1696 1129 1948 1192 ot‘vavihciigginihtieon

1845 1187 1851 1199 ‚

345 1189 609 1229 obstantibus
642 1190 746 1229 meis
781 1190 1013 1230 obiectibus
1058 1189 1100 1228 in
1147 1197 1351 1228 eternum.
1403 1189 1483 1228 Sed
1528 1202 1668 1228 revera
1712 1200 1936 1231 declares,wiil

344 1257 497 1312 fingere
531 1260 865 1313 descripcionem
890 1273 964 1313 per
986 1273 1115 1312 quam
1143 1259 1433 1298 excluderetur
1454 1273 1477 1298 a
1497 1259 1667 1299 racione
1685 1235 1774 1262 &and
1802 1235 1851 1262 for
1879 1244 1960 1263 even

294 1338 327 1369 15
345 1329 515 1369 ecclesie
548 1339 634 1369 tam
667 1339 860 1369 sanctum
894 1330 1189 1382 apostolorum
1219 1328 1445 1381 collegium
1471 1342 1569 1369 cum
1593 1343 1668 1368 suo

344 1399 491 1438 abbate
536 1414 610 1453 pro
655 1410 746 1440 toto
791 1410 981 1453 tempore
1022 1413 1094 1438 sue
1139 1398 1340 1438 viacionis
1371 1399 1536 1439 videtur
1576 1413 1666 1452 pre-

344 1470 550 1522 sumpcio,
591 1484 689 1510 cum
721 1470 886 1523 presciti
922 1470 1119 1509 dicuntur
1159 1483 1246 1508 esse
1279 1470 1329 1508 de
1362 1478 1504 1508 sancta
1537 1479 1668 1509 matre

344 1539 514 1579 ecclesia
547 1550 586 1580 et
612 1540 654 1579 in
679 1541 885 1595 principio
908 1540 1056 1580 mundi
1080 1548 1175 1579 ante
1199 1539 1460 1579 creacionem
1484 1540 1668 1579 hominis

343 1609 449 1649 sicut
493 1619 532 1650 et
574 1611 699 1664 lapsis
739 1611 948 1650 ambobus
993 1610 1237 1664 parentibus
1271 1610 1349 1649 fuit
1395 1609 1565 1649 ecclesia
1604 1609 1668 1664 (ut

287 1698 327 1720 20
343 1689 456 1731 patet
488 1681 772 1720 Encheridion
808 1679 997 1735 LXIVO).

304 1759 327 1791 5
401 1750 585 1790 Ulterius
604 1752 901 1804 respondendo
918 1752 969 1790 ad
986 1752 1179 1804 quintam
1203 1750 1494 1790 raciunculum
1519 1750 1669 1790 dicitur
1683 1760 1706 1788 5.
1728 1760 1779 1797 My
1799 1766 1960 1796 opponent

343 1821 458 1872 quod
481 1821 586 1861 sicut
609 1822 805 1862 continue
827 1832 969 1862 manet
992 1823 1137 1862 eadem
1157 1821 1315 1875 species
1339 1821 1565 1861 hominum
1581 1834 1667 1859 non
1685 1796 1957 1871 wulsgleesfflgltcgige-

343 1890 536 1930 obstante
557 1893 673 1945 quod
697 1892 913 1932 individua
934 1892 1205 1943 variarentur,
1229 1892 1285 1931 sic
1309 1901 1450 1931 manet
1466 1891 1666 1931 continue
1683 1867 1957 1938 'miiairtsiviiiireyihe

344 1961 490 2000 eadem
523 1962 766 2002 universalis
796 1962 966 2002 ecclesia
995 1976 1080 2002 non
1110 1963 1303 2002 obstante
1331 1963 1449 2015 quod
1477 1963 1666 2001 membra

286 2038 325 2070 25
343 2030 420 2069 alia
438 2041 689 2083 generentur
706 2041 744 2072 et
760 2032 837 2072 alia
853 2042 1189 2085 corrumpantur.
1204 2032 1269 2072 Sic
1287 2030 1461 2086 (inquit)
1480 2032 1667 2072 manebit

342 2100 454 2140 idem
499 2102 630 2141 homo
676 2102 717 2141 in
765 2116 945 2142 numero
995 2116 1080 2142 non
1126 2103 1319 2142 obstante
1365 2102 1481 2156 quod
1529 2112 1666 2155 partes

343 2171 511 2224 equales
556 2172 632 2210 alie
667 2181 916 2224 generentur
949 2181 989 2211 et
1021 2172 1099 2212 alie
1133 2182 1470 2225 corrumpantur.
1525 2173 1665 2221 Quare

343 2254 446 2294 rogo
480 2255 567 2280 non
601 2241 658 2281 sic
692 2242 766 2281 erit
799 2243 849 2281 de
883 2256 1062 2295 corpore
1087 2242 1240 2282 Christi
1264 2242 1432 2282 mistico
1456 2243 1571 2296 quod
1605 2251 1664 2282 est

342 2310 536 2351 ecclesia?
584 2312 637 2351 Et
675 2325 815 2351 revera
847 2312 950 2352 illud
983 2322 1044 2352 est
1077 2313 1182 2352 bene
1216 2312 1378 2352 dictum
1424 2313 1663 2353 dummodo

287 2390 327 2422 30
343 2391 660 2435 consequenter.
695 2382 876 2436 Oportet
908 2382 1021 2422 enim
1056 2383 1273 2422 ecclesiam
1302 2382 1550 2423 catholicam
1575 2396 1664 2422 esse

342 2465 471 2491 unam
516 2465 743 2505 personam
788 2467 991 2506 sponsam
1026 2462 1066 2493 et
1099 2467 1184 2493 non
1219 2453 1447 2493 formaliter
1478 2452 1664 2506 speciem

340 2522 405 2561 vel
450 2522 681 2562 universale
726 2523 841 2577 quod
887 2523 938 2563 sit
983 2523 1218 2563 multorum
1255 2523 1545 2577 singularium,
1591 2524 1663 2562 sed

394 2655 414 2674 1.
447 2648 731 2681 incarcerantibus3
765 2647 801 2674 ita
836 2647 926 2674 codd.
1072 2656 1110 2684 ¹7·
1145 2648 1167 2675 Β
1200 2648 1231 2675 in
1267 2656 1384 2682 marg.:
1425 2649 1507 2676 Ante
1538 2649 1660 2683 lapsum

344 2694 519 2729 primorum
542 2699 705 2729 parentum
727 2700 792 2722 erat
813 2695 951 2722 ecclesia.
1062 2702 1107 2722 20.
1123 2695 1150 2722 A
1164 2695 1194 2723 in
1214 2703 1332 2729 marg:
1350 2695 1467 2730 Quinta
1483 2695 1660 2730 responsio.

342 2749 387 2768 20.
409 2740 540 2775 LXIV03
564 2746 642 2769 recte
664 2741 757 2768 LVII.
866 2741 907 2768 23.
932 2741 970 2768 B:
992 2741 1291 2777 individua—quod
1309 2742 1402 2769 deest.
1514 2741 1559 2769 30.
1581 2742 1609 2769 A
1630 2742 1660 2768 in

342 2795 460 2821 marg.:
476 2787 614 2815 Ecclesia
637 2788 711 2823 quid
728 2788 793 2817 est?
814 2787 834 2814 Β
851 2788 880 2814 in
898 2795 1014 2822 marg:
1031 2787 1168 2816 Ecclesia
1183 2794 1227 2816 est
1245 2797 1303 2815 una
1320 2796 1454 2823 persona
1469 2789 1658 2815 successiva.

401 2882 451 2902 21.
482 2872 532 2903 Cf.
562 2882 639 2914 pag.
672 2883 745 2913 114,
787 2872 807 2903 1.
841 2872 887 2903 13.
