<?xml version="1.0" encoding="UTF-8"?>
<!DOCTYPE html PUBLIC "-//W3C//DTD XHTML 1.0 Transitional//EN"
    "http://www.w3.org/TR/xhtml1/DTD/xhtml1-transitional.dtd">
<html xmlns="http://www.w3.org/1999/xhtml" xml:lang="en" lang="en">
 <head>
  <title>
</title>
<meta http-equiv="Content-Type" content="text/html;charset=utf-8" />
  <meta name='ocr-system' content='tesseract 3.04.00' />
  <meta name='ocr-capabilities' content='ocr_page ocr_carea ocr_par ocr_line ocrx_word'/>
</head>
<body>
  <div class='ocr_page' id='page_1' title='image "./iohanniswycliftr04wycl_0252.png"; bbox 0 0 2045 3312; ppageno 0'>
   <div class='ocr_carea' id='block_1_1' title="bbox 131 262 1746 321">
    <p class='ocr_par' dir='ltr' id='par_1_1' title="bbox 131 262 1746 321">
     <span class='ocr_line' id='line_1_1' title="bbox 131 262 1746 321; baseline -0.011 -3"><span class='ocrx_word' id='word_1_1' title='bbox 131 278 213 317; x_wconf 82' lang='lat'>214</span> <span class='ocrx_word' id='word_1_2' title='bbox 857 276 1081 308; x_wconf 65' lang='lat' dir='ltr'>JOHANNJS</span> <span class='ocrx_word' id='word_1_3' title='bbox 1108 276 1303 308; x_wconf 77' lang='lat' dir='ltr'><strong>WYCLIF.</strong></span> <span class='ocrx_word' id='word_1_4' title='bbox 1579 262 1687 321; x_wconf 77' lang='lat' dir='ltr'>[CAP.</span> <span class='ocrx_word' id='word_1_5' title='bbox 1709 274 1746 302; x_wconf 79' lang='lat' dir='ltr'>x.</span> 
     </span>
    </p>
   </div>
   <div class='ocr_carea' id='block_1_2' title="bbox 130 381 1900 2611">
    <p class='ocr_par' dir='ltr' id='par_1_2' title="bbox 130 381 1900 2611">
     <span class='ocr_line' id='line_1_2' title="bbox 420 381 1900 436; baseline 0.001 -14"><span class='ocrx_word' id='word_1_6' title='bbox 420 382 639 433; x_wconf 57' lang='lat' dir='ltr'>munioni,</span> <span class='ocrx_word' id='word_1_7' title='bbox 685 392 1065 436; x_wconf 82' lang='lat' dir='ltr'>quantumcunque</span> <span class='ocrx_word' id='word_1_8' title='bbox 1106 381 1293 421; x_wconf 83' lang='lat' dir='ltr'><strong>defensio</strong></span> <span class='ocrx_word' id='word_1_9' title='bbox 1328 383 1448 422; x_wconf 83' lang='lat' dir='ltr'>cadat</span> <span class='ocrx_word' id='word_1_10' title='bbox 1486 381 1664 436; x_wconf 84' lang='lat' dir='ltr'>fugitivo</span> <span class='ocrx_word' id='word_1_11' title='bbox 1696 385 1748 423; x_wconf 83' lang='lat' dir='ltr'>ad</span> <span class='ocrx_word' id='word_1_12' title='bbox 1770 393 1900 429; x_wconf 74' lang='lat' dir='ltr'>15S=G</span> 
     </span>
     <span class='ocr_line' id='line_1_3' title="bbox 421 452 1747 506; baseline 0.001 -14"><span class='ocrx_word' id='word_1_13' title='bbox 421 455 658 506; x_wconf 80' lang='lat' dir='ltr'>dampnum</span> <span class='ocrx_word' id='word_1_14' title='bbox 680 453 820 492; x_wconf 85' lang='lat' dir='ltr'>anime</span> <span class='ocrx_word' id='word_1_15' title='bbox 853 461 892 492; x_wconf 93' lang='lat' dir='ltr'>et</span> <span class='ocrx_word' id='word_1_16' title='bbox 917 452 1121 491; x_wconf 80' lang='lat' dir='ltr'>iniuriatis</span> <span class='ocrx_word' id='word_1_17' title='bbox 1144 452 1196 491; x_wconf 86' lang='lat' dir='ltr'>ad</span> <span class='ocrx_word' id='word_1_18' title='bbox 1219 452 1535 504; x_wconf 81' lang='lat' dir='ltr'>detrimentum,</span> <span class='ocrx_word' id='word_1_19' title='bbox 1563 466 1638 493; x_wconf 90' lang='lat' dir='ltr'>nec</span> <span class='ocrx_word' id='word_1_20' title='bbox 1661 466 1747 493; x_wconf 90' lang='lat' dir='ltr'>non</span> 
     </span>
     <span class='ocr_line' id='line_1_4' title="bbox 420 522 1389 576; baseline -0.001 -13"><span class='ocrx_word' id='word_1_21' title='bbox 420 524 472 564; x_wconf 82' lang='lat' dir='ltr'>ad</span> <span class='ocrx_word' id='word_1_22' title='bbox 504 523 870 576; x_wconf 86' lang='lat' dir='ltr'>perturbacionem</span> <span class='ocrx_word' id='word_1_23' title='bbox 900 522 1015 576; x_wconf 83' lang='lat' dir='ltr'>regni</span> <span class='ocrx_word' id='word_1_24' title='bbox 1049 531 1174 576; x_wconf 81' lang='lat' dir='ltr'>atque</span> <span class='ocrx_word' id='word_1_25' title='bbox 1208 522 1389 562; x_wconf 83' lang='lat' dir='ltr'>ecclesie.</span> 
     </span>
     <span class='ocr_line' id='line_1_5' title="bbox 130 592 1844 665; baseline 0.004 -37"><span class='ocrx_word' id='word_1_26' title='bbox 130 602 407 665; x_wconf 35' lang='lat' dir='ltr'>{xfftithsstixizffiassss</span> <span class='ocrx_word' id='word_1_27' title='bbox 479 593 547 632; x_wconf 84' lang='lat' dir='ltr'>Ad</span> <span class='ocrx_word' id='word_1_28' title='bbox 579 593 755 633; x_wconf 89' lang='lat' dir='ltr'>tercium</span> <span class='ocrx_word' id='word_1_29' title='bbox 778 592 929 632; x_wconf 88' lang='lat' dir='ltr'>dicitur</span> <span class='ocrx_word' id='word_1_30' title='bbox 961 593 1077 645; x_wconf 86' lang='lat' dir='ltr'>quod</span> <span class='ocrx_word' id='word_1_31' title='bbox 1110 601 1197 631; x_wconf 89' lang='lat' dir='ltr'>tam</span> <span class='ocrx_word' id='word_1_32' title='bbox 1220 592 1498 633; x_wconf 84' lang='lat' dir='ltr'>sabbatizacio</span> <span class='ocrx_word' id='word_1_33' title='bbox 1530 608 1606 647; x_wconf 88' lang='lat' dir='ltr'>pro</span> <span class='ocrx_word' id='word_1_34' title='bbox 1635 605 1788 638; x_wconf 77' lang='lat' dir='ltr'>annoss</span> <span class='ocrx_word' id='word_1_35' title='bbox 1808 605 1844 638; x_wconf 84' lang='lat' dir='ltr'>H</span> 
     </span>
     <span class='ocr_line' id='line_1_6' title="bbox 166 656 1781 717; baseline 0.001 -11"><span class='ocrx_word' id='word_1_36' title='bbox 166 656 372 710; x_wconf 53' lang='grc' dir='ltr'>υυὲῑιῑἿᾶξ-γο</span> <span class='ocrx_word' id='word_1_37' title='bbox 422 664 606 717; x_wconf 86' lang='lat' dir='ltr'>septimo</span> <span class='ocrx_word' id='word_1_38' title='bbox 652 677 782 717; x_wconf 83' lang='lat' dir='ltr'>quam</span> <span class='ocrx_word' id='word_1_39' title='bbox 829 662 1019 702; x_wconf 86' lang='lat' dir='ltr'>remissio</span> <span class='ocrx_word' id='word_1_40' title='bbox 1059 676 1136 716; x_wconf 87' lang='lat' dir='ltr'>pro</span> <span class='ocrx_word' id='word_1_41' title='bbox 1175 676 1288 702; x_wconf 84' lang='lat' dir='ltr'>anno</span> <span class='ocrx_word' id='word_1_42' title='bbox 1326 663 1484 703; x_wconf 91' lang='lat' dir='ltr'>iubileo</span> <span class='ocrx_word' id='word_1_43' title='bbox 1518 663 1597 705; x_wconf 85' lang='lat' dir='ltr'>fuit</span> <span class='ocrx_word' id='word_1_44' title='bbox 1627 665 1781 707; x_wconf 67' lang='lat' dir='ltr'>valde—5</span> 
     </span>
     <span class='ocr_line' id='line_1_7' title="bbox 130 708 1745 787; baseline 0.005 -20"><span class='ocrx_word' id='word_1_45' title='bbox 130 708 407 769; x_wconf 50' lang='lat' dir='ltr'>iiiiiiininffiiiifrls</span> <span class='ocrx_word' id='word_1_46' title='bbox 422 733 686 774; x_wconf 82' lang='lat' dir='ltr'>racionabilis</span> <span class='ocrx_word' id='word_1_47' title='bbox 719 747 795 786; x_wconf 90' lang='lat' dir='ltr'>pro</span> <span class='ocrx_word' id='word_1_48' title='bbox 831 742 1022 786; x_wconf 87' lang='lat' dir='ltr'>tempore</span> <span class='ocrx_word' id='word_1_49' title='bbox 1055 746 1148 783; x_wconf 91' lang='lat' dir='ltr'>suo,</span> <span class='ocrx_word' id='word_1_50' title='bbox 1196 745 1308 773; x_wconf 90' lang='lat' dir='ltr'>nunc</span> <span class='ocrx_word' id='word_1_51' title='bbox 1347 743 1490 774; x_wconf 89' lang='lat' dir='ltr'>autem</span> <span class='ocrx_word' id='word_1_52' title='bbox 1530 748 1606 787; x_wconf 89' lang='lat' dir='ltr'>pro</span> <span class='ocrx_word' id='word_1_53' title='bbox 1640 744 1745 774; x_wconf 92' lang='lat' dir='ltr'>tem-</span> 
     </span>
     <span class='ocr_line' id='line_1_8' title="bbox 189 777 1746 857; baseline 0.002 -15"><span class='ocrx_word' id='word_1_54' title='bbox 189 780 218 804; x_wconf 35' lang='grc' dir='ltr'>οἱ</span> <span class='ocrx_word' id='word_1_55' title='bbox 241 778 278 804; x_wconf 63' lang='lat' dir='ltr'>O&#39;</span> <span class='ocrx_word' id='word_1_56' title='bbox 300 777 350 811; x_wconf 63' lang='grc' dir='ltr'>Ἱ”</span> <span class='ocrx_word' id='word_1_57' title='bbox 422 817 524 857; x_wconf 89' lang='lat' dir='ltr'>pore</span> <span class='ocrx_word' id='word_1_58' title='bbox 547 803 649 857; x_wconf 84' lang='lat' dir='ltr'>legis</span> <span class='ocrx_word' id='word_1_59' title='bbox 672 803 807 857; x_wconf 82' lang='lat' dir='ltr'>gracie</span> <span class='ocrx_word' id='word_1_60' title='bbox 830 803 1004 856; x_wconf 83' lang='lat' dir='ltr'>quando</span> <span class='ocrx_word' id='word_1_61' title='bbox 1029 802 1210 842; x_wconf 88' lang='lat' dir='ltr'>colimus</span> <span class='ocrx_word' id='word_1_62' title='bbox 1233 804 1513 856; x_wconf 79' lang='lat' dir='ltr'>octonarium,</span> <span class='ocrx_word' id='word_1_63' title='bbox 1545 804 1746 845; x_wconf 86' lang='lat' dir='ltr'>debemus</span> 
     </span>
     <span class='ocr_line' id='line_1_9' title="bbox 421 872 1747 929; baseline 0.002 -16"><span class='ocrx_word' id='word_1_64' title='bbox 421 873 572 913; x_wconf 86' lang='lat' dir='ltr'>habere</span> <span class='ocrx_word' id='word_1_65' title='bbox 620 887 812 913; x_wconf 86' lang='lat' dir='ltr'>amorem</span> <span class='ocrx_word' id='word_1_66' title='bbox 856 872 1123 913; x_wconf 79' lang='lat' dir='ltr'>fertiliorem:</span> <span class='ocrx_word' id='word_1_67' title='bbox 1176 873 1283 914; x_wconf 91' lang='lat' dir='ltr'>sicut</span> <span class='ocrx_word' id='word_1_68' title='bbox 1325 873 1439 913; x_wconf 87' lang='lat' dir='ltr'>enim</span> <span class='ocrx_word' id='word_1_69' title='bbox 1486 875 1747 929; x_wconf 80' lang='lat' dir='ltr'>septenarius</span> 
     </span>
     <span class='ocr_line' id='line_1_10' title="bbox 422 943 1746 999; baseline 0.002 -17"><span class='ocrx_word' id='word_1_70' title='bbox 422 957 625 984; x_wconf 90' lang='lat' dir='ltr'>numerus</span> <span class='ocrx_word' id='word_1_71' title='bbox 670 943 916 996; x_wconf 86' lang='lat' dir='ltr'>virginitatis</span> <span class='ocrx_word' id='word_1_72' title='bbox 957 943 1081 984; x_wconf 84' lang='lat' dir='ltr'>habet</span> <span class='ocrx_word' id='word_1_73' title='bbox 1110 944 1251 983; x_wconf 90' lang='lat' dir='ltr'>solum</span> <span class='ocrx_word' id='word_1_74' title='bbox 1286 943 1493 984; x_wconf 83' lang='lat' dir='ltr'>unitatem</span> <span class='ocrx_word' id='word_1_75' title='bbox 1521 959 1598 998; x_wconf 92' lang='lat' dir='ltr'>pro</span> <span class='ocrx_word' id='word_1_76' title='bbox 1630 955 1746 999; x_wconf 86' lang='lat' dir='ltr'>parte</span> 
     </span>
     <span class='ocr_line' id='line_1_11' title="bbox 422 1014 1805 1069; baseline 0.004 -16"><span class='ocrx_word' id='word_1_77' title='bbox 422 1015 623 1068; x_wconf 78' lang='lat' dir='ltr'>aliquota,</span> <span class='ocrx_word' id='word_1_78' title='bbox 640 1014 881 1055; x_wconf 83' lang='lat' dir='ltr'>octonarius</span> <span class='ocrx_word' id='word_1_79' title='bbox 899 1023 1042 1054; x_wconf 82' lang='lat' dir='ltr'>autem</span> <span class='ocrx_word' id='word_1_80' title='bbox 1061 1014 1186 1054; x_wconf 86' lang='lat' dir='ltr'>habet</span> <span class='ocrx_word' id='word_1_81' title='bbox 1207 1027 1357 1066; x_wconf 89' lang='lat' dir='ltr'>unum,</span> <span class='ocrx_word' id='word_1_82' title='bbox 1377 1015 1463 1055; x_wconf 91' lang='lat' dir='ltr'>duo</span> <span class='ocrx_word' id='word_1_83' title='bbox 1487 1024 1527 1056; x_wconf 94' lang='lat' dir='ltr'>et</span> <span class='ocrx_word' id='word_1_84' title='bbox 1545 1024 1747 1069; x_wconf 84' lang='lat' dir='ltr'>quattuor</span> <span class='ocrx_word' id='word_1_85' title='bbox 1767 1038 1805 1059; x_wconf 88' lang='lat'>10</span> 
     </span>
     <span class='ocr_line' id='line_1_12' title="bbox 422 1084 1746 1138; baseline 0.001 -14"><span class='ocrx_word' id='word_1_86' title='bbox 422 1099 504 1138; x_wconf 85' lang='lat' dir='ltr'>que</span> <span class='ocrx_word' id='word_1_87' title='bbox 543 1094 705 1138; x_wconf 87' lang='lat' dir='ltr'>septem</span> <span class='ocrx_word' id='word_1_88' title='bbox 738 1084 1016 1136; x_wconf 89' lang='lat' dir='ltr'>constituunt,</span> <span class='ocrx_word' id='word_1_89' title='bbox 1050 1084 1105 1124; x_wconf 90' lang='lat' dir='ltr'>sic</span> <span class='ocrx_word' id='word_1_90' title='bbox 1139 1093 1276 1138; x_wconf 86' lang='lat' dir='ltr'>patres</span> <span class='ocrx_word' id='word_1_91' title='bbox 1315 1085 1464 1125; x_wconf 86' lang='lat' dir='ltr'>veteris</span> <span class='ocrx_word' id='word_1_92' title='bbox 1507 1086 1746 1125; x_wconf 85' lang='lat' dir='ltr'>testamenti</span> 
     </span>
     <span class='ocr_line' id='line_1_13' title="bbox 424 1154 1746 1209; baseline 0.002 -15"><span class='ocrx_word' id='word_1_93' title='bbox 424 1164 539 1194; x_wconf 84' lang='lat' dir='ltr'>erant</span> <span class='ocrx_word' id='word_1_94' title='bbox 577 1155 620 1194; x_wconf 95' lang='lat' dir='ltr'>in</span> <span class='ocrx_word' id='word_1_95' title='bbox 660 1154 826 1194; x_wconf 81' lang='lat' dir='ltr'>caritate</span> <span class='ocrx_word' id='word_1_96' title='bbox 864 1155 961 1208; x_wconf 93' lang='lat' dir='ltr'>plus</span> <span class='ocrx_word' id='word_1_97' title='bbox 995 1155 1152 1195; x_wconf 89' lang='lat' dir='ltr'>steriles</span> <span class='ocrx_word' id='word_1_98' title='bbox 1191 1169 1322 1209; x_wconf 83' lang='lat' dir='ltr'>quam</span> <span class='ocrx_word' id='word_1_99' title='bbox 1361 1165 1498 1209; x_wconf 89' lang='lat' dir='ltr'>patres</span> <span class='ocrx_word' id='word_1_100' title='bbox 1538 1156 1616 1195; x_wconf 89' lang='lat' dir='ltr'>sub</span> <span class='ocrx_word' id='word_1_101' title='bbox 1654 1157 1746 1208; x_wconf 83' lang='lat' dir='ltr'>lege</span> 
     </span>
     <span class='ocr_line' id='line_1_14' title="bbox 421 1224 1748 1280; baseline 0.002 -16"><span class='ocrx_word' id='word_1_102' title='bbox 421 1225 556 1278; x_wconf 81' lang='lat' dir='ltr'>gracie</span> <span class='ocrx_word' id='word_1_103' title='bbox 589 1224 660 1279; x_wconf 83' lang='lat' dir='ltr'>qui</span> <span class='ocrx_word' id='word_1_104' title='bbox 694 1225 841 1265; x_wconf 88' lang='lat' dir='ltr'>colunt</span> <span class='ocrx_word' id='word_1_105' title='bbox 874 1239 922 1265; x_wconf 88' lang='lat' dir='ltr'>ex</span> <span class='ocrx_word' id='word_1_106' title='bbox 961 1225 1127 1279; x_wconf 84' lang='lat' dir='ltr'>integro</span> <span class='ocrx_word' id='word_1_107' title='bbox 1161 1226 1467 1279; x_wconf 79' lang='lat' dir='ltr'>septenarium3</span> <span class='ocrx_word' id='word_1_108' title='bbox 1508 1226 1581 1280; x_wconf 88' lang='lat' dir='ltr'>qni</span> <span class='ocrx_word' id='word_1_109' title='bbox 1613 1226 1748 1280; x_wconf 84' lang='lat' dir='ltr'>signat</span> 
     </span>
     <span class='ocr_line' id='line_1_15' title="bbox 423 1295 1748 1349; baseline 0.002 -15"><span class='ocrx_word' id='word_1_110' title='bbox 423 1295 532 1335; x_wconf 90' lang='lat' dir='ltr'>unici</span> <span class='ocrx_word' id='word_1_111' title='bbox 567 1296 643 1335; x_wconf 85' lang='lat' dir='ltr'>Dei</span> <span class='ocrx_word' id='word_1_112' title='bbox 692 1296 856 1335; x_wconf 91' lang='lat' dir='ltr'>cultum</span> <span class='ocrx_word' id='word_1_113' title='bbox 900 1305 939 1335; x_wconf 91' lang='lat' dir='ltr'>et</span> <span class='ocrx_word' id='word_1_114' title='bbox 977 1305 1113 1349; x_wconf 90' lang='lat' dir='ltr'>preter</span> <span class='ocrx_word' id='word_1_115' title='bbox 1151 1296 1232 1336; x_wconf 89' lang='lat' dir='ltr'>hoc</span> <span class='ocrx_word' id='word_1_116' title='bbox 1272 1296 1476 1336; x_wconf 89' lang='lat' dir='ltr'>unionem</span> <span class='ocrx_word' id='word_1_117' title='bbox 1515 1296 1669 1336; x_wconf 88' lang='lat' dir='ltr'>Christi</span> <span class='ocrx_word' id='word_1_118' title='bbox 1709 1306 1748 1337; x_wconf 92' lang='lat' dir='ltr'>et</span> 
     </span>
     <span class='ocr_line' id='line_1_16' title="bbox 424 1365 1803 1419; baseline 0.004 -15"><span class='ocrx_word' id='word_1_119' title='bbox 424 1365 596 1405; x_wconf 86' lang='lat' dir='ltr'>ecclesie</span> <span class='ocrx_word' id='word_1_120' title='bbox 630 1379 712 1419; x_wconf 82' lang='lat' dir='ltr'>que</span> <span class='ocrx_word' id='word_1_121' title='bbox 745 1375 807 1405; x_wconf 89' lang='lat' dir='ltr'>est</span> <span class='ocrx_word' id='word_1_122' title='bbox 850 1365 1257 1419; x_wconf 85' lang='lat' dir='ltr'>unitasseptenario</span> <span class='ocrx_word' id='word_1_123' title='bbox 1291 1366 1558 1419; x_wconf 83' lang='lat' dir='ltr'>superaddita</span> <span class='ocrx_word' id='word_1_124' title='bbox 1591 1367 1634 1406; x_wconf 90' lang='lat' dir='ltr'>in</span> <span class='ocrx_word' id='word_1_125' title='bbox 1667 1378 1803 1410; x_wconf 73' lang='lat' dir='ltr'>nti-15</span> 
     </span>
     <span class='ocr_line' id='line_1_17' title="bbox 424 1435 1745 1491; baseline 0.001 -17"><span class='ocrx_word' id='word_1_126' title='bbox 424 1448 590 1475; x_wconf 90' lang='lat' dir='ltr'>merum</span> <span class='ocrx_word' id='word_1_127' title='bbox 623 1435 821 1488; x_wconf 86' lang='lat' dir='ltr'>priorem,</span> <span class='ocrx_word' id='word_1_128' title='bbox 869 1437 1110 1476; x_wconf 88' lang='lat' dir='ltr'>redundans</span> <span class='ocrx_word' id='word_1_129' title='bbox 1152 1437 1294 1490; x_wconf 88' lang='lat' dir='ltr'>quoad</span> <span class='ocrx_word' id='word_1_130' title='bbox 1338 1446 1475 1490; x_wconf 87' lang='lat' dir='ltr'>partes</span> <span class='ocrx_word' id='word_1_131' title='bbox 1523 1437 1745 1491; x_wconf 78' lang='lat' dir='ltr'>aliquotas.</span> 
     </span>
     <span class='ocr_line' id='line_1_18' title="bbox 424 1505 1744 1561; baseline 0.002 -17"><span class='ocrx_word' id='word_1_132' title='bbox 424 1506 476 1545; x_wconf 87' lang='lat' dir='ltr'>Et</span> <span class='ocrx_word' id='word_1_133' title='bbox 510 1505 565 1545; x_wconf 91' lang='lat' dir='ltr'>sic</span> <span class='ocrx_word' id='word_1_134' title='bbox 599 1506 802 1546; x_wconf 82' lang='lat' dir='ltr'>debemus</span> <span class='ocrx_word' id='word_1_135' title='bbox 835 1520 912 1546; x_wconf 90' lang='lat' dir='ltr'>nos</span> <span class='ocrx_word' id='word_1_136' title='bbox 945 1516 1138 1560; x_wconf 89' lang='lat' dir='ltr'>tempore</span> <span class='ocrx_word' id='word_1_137' title='bbox 1179 1507 1282 1560; x_wconf 85' lang='lat' dir='ltr'>legis</span> <span class='ocrx_word' id='word_1_138' title='bbox 1313 1507 1449 1561; x_wconf 82' lang='lat' dir='ltr'>gracie</span> <span class='ocrx_word' id='word_1_139' title='bbox 1482 1507 1633 1547; x_wconf 88' lang='lat' dir='ltr'>habere</span> <span class='ocrx_word' id='word_1_140' title='bbox 1666 1507 1744 1546; x_wconf 80' lang='lat' dir='ltr'>dif-</span> 
     </span>
     <span class='ocr_line' id='line_1_19' title="bbox 425 1575 1746 1631; baseline 0.002 -17"><span class='ocrx_word' id='word_1_141' title='bbox 425 1575 624 1615; x_wconf 81' lang='lat' dir='ltr'>fusiorem</span> <span class='ocrx_word' id='word_1_142' title='bbox 657 1590 846 1616; x_wconf 83' lang='lat' dir='ltr'>amorem</span> <span class='ocrx_word' id='word_1_143' title='bbox 880 1586 919 1616; x_wconf 93' lang='lat' dir='ltr'>et</span> <span class='ocrx_word' id='word_1_144' title='bbox 957 1576 1211 1629; x_wconf 87' lang='lat' dir='ltr'>ampliorem</span> <span class='ocrx_word' id='word_1_145' title='bbox 1250 1576 1576 1629; x_wconf 83' lang='lat' dir='ltr'>continenciam,</span> <span class='ocrx_word' id='word_1_146' title='bbox 1615 1591 1746 1631; x_wconf 81' lang='lat' dir='ltr'>quam</span> 
     </span>
     <span class='ocr_line' id='line_1_20' title="bbox 422 1645 1743 1701; baseline 0.002 -17"><span class='ocrx_word' id='word_1_147' title='bbox 422 1645 661 1686; x_wconf 88' lang='lat' dir='ltr'>habuerunt</span> <span class='ocrx_word' id='word_1_148' title='bbox 693 1655 830 1699; x_wconf 89' lang='lat' dir='ltr'>patres</span> <span class='ocrx_word' id='word_1_149' title='bbox 863 1646 1012 1686; x_wconf 87' lang='lat' dir='ltr'>veteris</span> <span class='ocrx_word' id='word_1_150' title='bbox 1045 1647 1298 1697; x_wconf 86' lang='lat' dir='ltr'>testamenti,</span> <span class='ocrx_word' id='word_1_151' title='bbox 1348 1647 1446 1701; x_wconf 82' lang='lat' dir='ltr'>quia</span> <span class='ocrx_word' id='word_1_152' title='bbox 1479 1647 1636 1686; x_wconf 88' lang='lat' dir='ltr'>nedum</span> <span class='ocrx_word' id='word_1_153' title='bbox 1668 1647 1743 1687; x_wconf 89' lang='lat' dir='ltr'>ha-</span> 
     </span>
     <span class='ocr_line' id='line_1_21' title="bbox 425 1716 1804 1772; baseline 0.001 -17"><span class='ocrx_word' id='word_1_154' title='bbox 425 1716 573 1755; x_wconf 89' lang='lat' dir='ltr'>bemus</span> <span class='ocrx_word' id='word_1_155' title='bbox 627 1716 897 1768; x_wconf 89' lang='lat' dir='ltr'>contribules,</span> <span class='ocrx_word' id='word_1_156' title='bbox 957 1717 1029 1756; x_wconf 89' lang='lat' dir='ltr'>sed</span> <span class='ocrx_word' id='word_1_157' title='bbox 1083 1716 1226 1757; x_wconf 87' lang='lat' dir='ltr'>fratres</span> <span class='ocrx_word' id='word_1_158' title='bbox 1277 1731 1502 1771; x_wconf 81' lang='lat' dir='ltr'>germanos</span> <span class='ocrx_word' id='word_1_159' title='bbox 1554 1718 1744 1772; x_wconf 84' lang='lat' dir='ltr'>singulos</span> <span class='ocrx_word' id='word_1_160' title='bbox 1763 1739 1804 1761; x_wconf 81' lang='lat'>20</span> 
     </span>
     <span class='ocr_line' id='line_1_22' title="bbox 424 1785 1746 1840; baseline 0.002 -16"><span class='ocrx_word' id='word_1_161' title='bbox 424 1785 687 1838; x_wconf 85' lang='lat' dir='ltr'>christianos,</span> <span class='ocrx_word' id='word_1_162' title='bbox 733 1800 830 1826; x_wconf 90' lang='lat' dir='ltr'>cum</span> <span class='ocrx_word' id='word_1_163' title='bbox 875 1800 1024 1827; x_wconf 89' lang='lat' dir='ltr'>omnes</span> <span class='ocrx_word' id='word_1_164' title='bbox 1068 1787 1153 1827; x_wconf 83' lang='lat' dir='ltr'>nati</span> <span class='ocrx_word' id='word_1_165' title='bbox 1199 1801 1347 1826; x_wconf 88' lang='lat' dir='ltr'>sumus</span> <span class='ocrx_word' id='word_1_166' title='bbox 1387 1787 1656 1840; x_wconf 86' lang='lat' dir='ltr'>spiritualiter</span> <span class='ocrx_word' id='word_1_167' title='bbox 1695 1788 1746 1827; x_wconf 91' lang='lat' dir='ltr'>de</span> 
     </span>
     <span class='ocr_line' id='line_1_23' title="bbox 426 1856 1564 1909; baseline 0.002 -14"><span class='ocrx_word' id='word_1_168' title='bbox 426 1857 577 1895; x_wconf 88' lang='lat' dir='ltr'>eodem</span> <span class='ocrx_word' id='word_1_169' title='bbox 611 1865 726 1909; x_wconf 88' lang='lat' dir='ltr'>patre</span> <span class='ocrx_word' id='word_1_170' title='bbox 759 1856 930 1897; x_wconf 88' lang='lat' dir='ltr'>Christo</span> <span class='ocrx_word' id='word_1_171' title='bbox 964 1866 1004 1897; x_wconf 90' lang='lat' dir='ltr'>et</span> <span class='ocrx_word' id='word_1_172' title='bbox 1037 1857 1184 1897; x_wconf 85' lang='lat' dir='ltr'>eadem</span> <span class='ocrx_word' id='word_1_173' title='bbox 1216 1867 1347 1897; x_wconf 84' lang='lat' dir='ltr'>matre</span> <span class='ocrx_word' id='word_1_174' title='bbox 1381 1857 1564 1899; x_wconf 87' lang='lat' dir='ltr'>ecclesia.</span> 
     </span>
     <span class='ocr_line' id='line_1_24' title="bbox 181 1926 1780 1981; baseline 0.004 -17"><span class='ocrx_word' id='word_1_175' title='bbox 181 1944 364 1981; x_wconf 38' lang='lat' dir='ltr'>mmmm*</span> <span class='ocrx_word' id='word_1_176' title='bbox 484 1927 537 1965; x_wconf 85' lang='lat' dir='ltr'>Et</span> <span class='ocrx_word' id='word_1_177' title='bbox 582 1940 685 1980; x_wconf 83' lang='lat' dir='ltr'>rogo</span> <span class='ocrx_word' id='word_1_178' title='bbox 731 1926 983 1967; x_wconf 88' lang='lat' dir='ltr'>innitentem</span> <span class='ocrx_word' id='word_1_179' title='bbox 1023 1927 1087 1967; x_wconf 87' lang='lat' dir='ltr'>isti</span> <span class='ocrx_word' id='word_1_180' title='bbox 1137 1927 1348 1967; x_wconf 85' lang='lat' dir='ltr'>evidencie</span> <span class='ocrx_word' id='word_1_181' title='bbox 1393 1936 1553 1979; x_wconf 87' lang='lat' dir='ltr'>notare,</span> <span class='ocrx_word' id='word_1_182' title='bbox 1609 1927 1780 1981; x_wconf 73' lang='lat' dir='ltr'>primot</span> 
     </span>
     <span class='ocr_line' id='line_1_25' title="bbox 180 1978 1749 2053; baseline 0.002 -18"><span class='ocrx_word' id='word_1_183' title='bbox 180 1978 361 2013; x_wconf 56' lang='lat' dir='ltr'>⁶⁵pe⁶¹³¹¹5³</span> <span class='ocrx_word' id='word_1_184' title='bbox 426 1997 649 2050; x_wconf 81' lang='lat' dir='ltr'>quomodo</span> <span class='ocrx_word' id='word_1_185' title='bbox 689 2011 767 2037; x_wconf 88' lang='lat' dir='ltr'>nos</span> <span class='ocrx_word' id='word_1_186' title='bbox 801 1998 1038 2037; x_wconf 84' lang='lat' dir='ltr'>sacerdotes</span> <span class='ocrx_word' id='word_1_187' title='bbox 1072 1997 1227 2038; x_wconf 84' lang='lat' dir='ltr'>Christi</span> <span class='ocrx_word' id='word_1_188' title='bbox 1261 1998 1463 2037; x_wconf 90' lang='lat' dir='ltr'>debemus</span> <span class='ocrx_word' id='word_1_189' title='bbox 1496 2012 1584 2038; x_wconf 91' lang='lat' dir='ltr'>esse</span> <span class='ocrx_word' id='word_1_190' title='bbox 1616 1999 1749 2053; x_wconf 82' lang='lat' dir='ltr'>magis</span> 
     </span>
     <span class='ocr_line' id='line_1_26' title="bbox 425 2067 1806 2122; baseline 0.004 -17"><span class='ocrx_word' id='word_1_191' title='bbox 425 2067 714 2106; x_wconf 87' lang='lat' dir='ltr'>misericordes</span> <span class='ocrx_word' id='word_1_192' title='bbox 774 2077 813 2107; x_wconf 92' lang='lat' dir='ltr'>et</span> <span class='ocrx_word' id='word_1_193' title='bbox 870 2067 1004 2121; x_wconf 84' lang='lat' dir='ltr'>magis</span> <span class='ocrx_word' id='word_1_194' title='bbox 1067 2067 1252 2122; x_wconf 87' lang='lat' dir='ltr'>religiosi</span> <span class='ocrx_word' id='word_1_195' title='bbox 1320 2081 1450 2121; x_wconf 84' lang='lat' dir='ltr'>quam</span> <span class='ocrx_word' id='word_1_196' title='bbox 1514 2069 1748 2109; x_wconf 83' lang='lat' dir='ltr'>sacerdotes</span> <span class='ocrx_word' id='word_1_197' title='bbox 1768 2079 1806 2111; x_wconf 77' lang='lat'>25</span> 
     </span>
     <span class='ocr_line' id='line_1_27' title="bbox 424 2137 1789 2191; baseline 0.003 -16"><span class='ocrx_word' id='word_1_198' title='bbox 424 2137 572 2177; x_wconf 79' lang='lat' dir='ltr'>veteris</span> <span class='ocrx_word' id='word_1_199' title='bbox 594 2137 848 2177; x_wconf 80' lang='lat' dir='ltr'>testamenti.</span> <span class='ocrx_word' id='word_1_200' title='bbox 882 2139 1011 2178; x_wconf 90' lang='lat' dir='ltr'>Notet</span> <span class='ocrx_word' id='word_1_201' title='bbox 1043 2138 1230 2177; x_wconf 91' lang='lat' dir='ltr'>secundo</span> <span class='ocrx_word' id='word_1_202' title='bbox 1264 2137 1486 2191; x_wconf 83' lang='lat' dir='ltr'>quomodo</span> <span class='ocrx_word' id='word_1_203' title='bbox 1516 2151 1601 2177; x_wconf 91' lang='lat' dir='ltr'>non</span> <span class='ocrx_word' id='word_1_204' title='bbox 1633 2139 1789 2183; x_wconf 87' lang='lat' dir='ltr'>licuit2</span> 
     </span>
     <span class='ocr_line' id='line_1_28' title="bbox 426 2207 1749 2261; baseline 0.002 -15"><span class='ocrx_word' id='word_1_205' title='bbox 426 2207 710 2247; x_wconf 85' lang='lat' dir='ltr'>sacerdotibus</span> <span class='ocrx_word' id='word_1_206' title='bbox 763 2207 975 2247; x_wconf 85' lang='lat' dir='ltr'>Aaronitis</span> <span class='ocrx_word' id='word_1_207' title='bbox 1036 2208 1247 2261; x_wconf 77' lang='lat' dir='ltr'>acquirere</span> <span class='ocrx_word' id='word_1_208' title='bbox 1306 2207 1382 2246; x_wconf 91' lang='lat' dir='ltr'>sibi</span> <span class='ocrx_word' id='word_1_209' title='bbox 1440 2208 1626 2248; x_wconf 88' lang='lat' dir='ltr'>redditus</span> <span class='ocrx_word' id='word_1_210' title='bbox 1685 2210 1749 2249; x_wconf 70' lang='lat' dir='ltr'>vel</span> 
     </span>
     <span class='ocr_line' id='line_1_29' title="bbox 425 2277 1747 2331; baseline 0.002 -15"><span class='ocrx_word' id='word_1_211' title='bbox 425 2278 608 2317; x_wconf 85' lang='lat' dir='ltr'>seculare</span> <span class='ocrx_word' id='word_1_212' title='bbox 658 2278 912 2328; x_wconf 87' lang='lat' dir='ltr'>dominium,</span> <span class='ocrx_word' id='word_1_213' title='bbox 946 2279 1017 2317; x_wconf 90' lang='lat' dir='ltr'>sed</span> <span class='ocrx_word' id='word_1_214' title='bbox 1050 2278 1090 2317; x_wconf 90' lang='lat' dir='ltr'>in</span> <span class='ocrx_word' id='word_1_215' title='bbox 1126 2287 1287 2331; x_wconf 85' lang='lat' dir='ltr'>partem</span> <span class='ocrx_word' id='word_1_216' title='bbox 1321 2278 1497 2317; x_wconf 89' lang='lat' dir='ltr'>dominii</span> <span class='ocrx_word' id='word_1_217' title='bbox 1529 2277 1666 2319; x_wconf 90' lang='lat' dir='ltr'>forent</span> <span class='ocrx_word' id='word_1_218' title='bbox 1698 2280 1747 2318; x_wconf 90' lang='lat' dir='ltr'>de</span> 
     </span>
     <span class='ocr_line' id='line_1_30' title="bbox 425 2346 1750 2403; baseline 0.002 -17"><span class='ocrx_word' id='word_1_219' title='bbox 425 2348 625 2400; x_wconf 85' lang='lat' dir='ltr'>porcione</span> <span class='ocrx_word' id='word_1_220' title='bbox 659 2348 735 2387; x_wconf 90' lang='lat' dir='ltr'>sibi</span> <span class='ocrx_word' id='word_1_221' title='bbox 769 2348 944 2388; x_wconf 79' lang='lat' dir='ltr'>limitata</span> <span class='ocrx_word' id='word_1_222' title='bbox 976 2362 999 2388; x_wconf 86' lang='lat' dir='ltr'>a</span> <span class='ocrx_word' id='word_1_223' title='bbox 1032 2348 1208 2388; x_wconf 90' lang='lat' dir='ltr'>domino</span> <span class='ocrx_word' id='word_1_224' title='bbox 1249 2349 1477 2388; x_wconf 80' lang='lat' dir='ltr'>contentati</span> <span class='ocrx_word' id='word_1_225' title='bbox 1525 2346 1591 2403; x_wconf 81' lang='lat' dir='ltr'>(ut</span> <span class='ocrx_word' id='word_1_226' title='bbox 1637 2359 1750 2402; x_wconf 82' lang='lat' dir='ltr'>patet</span> 
     </span>
     <span class='ocr_line' id='line_1_31' title="bbox 425 2416 1808 2473; baseline 0.001 -17"><span class='ocrx_word' id='word_1_227' title='bbox 425 2418 654 2457; x_wconf 82' lang='lat' dir='ltr'>Ezechielis</span> <span class='ocrx_word' id='word_1_228' title='bbox 713 2418 881 2469; x_wconf 76' lang='lat' dir='ltr'>XLIVO,</span> <span class='ocrx_word' id='word_1_229' title='bbox 947 2416 1038 2473; x_wconf 78' lang='lat'>28);</span> <span class='ocrx_word' id='word_1_230' title='bbox 1101 2418 1178 2458; x_wconf 85' lang='lat' dir='ltr'>alie</span> <span class='ocrx_word' id='word_1_231' title='bbox 1237 2429 1382 2459; x_wconf 85' lang='lat' dir='ltr'>autem</span> <span class='ocrx_word' id='word_1_232' title='bbox 1433 2418 1564 2459; x_wconf 90' lang='lat' dir='ltr'>tribus</span> <span class='ocrx_word' id='word_1_233' title='bbox 1612 2419 1746 2473; x_wconf 84' lang='lat' dir='ltr'>impe-</span> <span class='ocrx_word' id='word_1_234' title='bbox 1766 2431 1808 2463; x_wconf 76' lang='lat'>30</span> 
     </span>
     <span class='ocr_line' id='line_1_32' title="bbox 426 2488 1748 2541; baseline 0.002 -13"><span class='ocrx_word' id='word_1_235' title='bbox 426 2497 581 2528; x_wconf 83' lang='lat' dir='ltr'>trantes</span> <span class='ocrx_word' id='word_1_236' title='bbox 615 2488 907 2541; x_wconf 85' lang='lat' dir='ltr'>possessiones</span> <span class='ocrx_word' id='word_1_237' title='bbox 940 2503 962 2528; x_wconf 86' lang='lat' dir='ltr'>a</span> <span class='ocrx_word' id='word_1_238' title='bbox 995 2489 1079 2528; x_wconf 88' lang='lat' dir='ltr'>suis</span> <span class='ocrx_word' id='word_1_239' title='bbox 1114 2489 1418 2529; x_wconf 88' lang='lat' dir='ltr'>contribulibus</span> <span class='ocrx_word' id='word_1_240' title='bbox 1460 2503 1548 2528; x_wconf 88' lang='lat' dir='ltr'>non</span> <span class='ocrx_word' id='word_1_241' title='bbox 1581 2490 1748 2530; x_wconf 83' lang='lat' dir='ltr'>exhere—</span> 
     </span>
     <span class='ocr_line' id='line_1_33' title="bbox 134 2559 1751 2611; baseline 0.001 -13"><span class='ocrx_word' id='word_1_242' title='bbox 134 2572 187 2599; x_wconf 71' lang='lat' dir='ltr'>but</span> <span class='ocrx_word' id='word_1_243' title='bbox 207 2572 227 2599; x_wconf 84' lang='lat' dir='ltr'>it</span> <span class='ocrx_word' id='word_1_244' title='bbox 249 2572 273 2599; x_wconf 68' lang='lat' dir='ltr'>is</span> <span class='ocrx_word' id='word_1_245' title='bbox 295 2578 348 2601; x_wconf 80' lang='lat' dir='ltr'>not</span> <span class='ocrx_word' id='word_1_246' title='bbox 364 2581 409 2599; x_wconf 60' lang='lat' dir='ltr'>so.</span> <span class='ocrx_word' id='word_1_247' title='bbox 425 2559 569 2598; x_wconf 86' lang='lat' dir='ltr'>darent</span> <span class='ocrx_word' id='word_1_248' title='bbox 602 2572 672 2597; x_wconf 90' lang='lat' dir='ltr'>eos</span> <span class='ocrx_word' id='word_1_249' title='bbox 706 2567 927 2611; x_wconf 84' lang='lat' dir='ltr'>perpetuo,</span> <span class='ocrx_word' id='word_1_250' title='bbox 966 2560 1037 2598; x_wconf 89' lang='lat' dir='ltr'>sed</span> <span class='ocrx_word' id='word_1_251' title='bbox 1071 2559 1113 2598; x_wconf 89' lang='lat' dir='ltr'>in</span> <span class='ocrx_word' id='word_1_252' title='bbox 1146 2573 1259 2598; x_wconf 87' lang='lat' dir='ltr'>anno</span> <span class='ocrx_word' id='word_1_253' title='bbox 1292 2559 1448 2598; x_wconf 90' lang='lat' dir='ltr'>iubileo</span> <span class='ocrx_word' id='word_1_254' title='bbox 1486 2560 1751 2600; x_wconf 89' lang='lat' dir='ltr'>restituerent</span> 
     </span>
    </p>
   </div>
   <div class='ocr_carea' id='block_1_3' title="bbox 424 2627 1792 2683">
    <p class='ocr_par' dir='ltr' id='par_1_3' title="bbox 424 2627 1792 2683">
     <span class='ocr_line' id='line_1_34' title="bbox 424 2627 1792 2683; baseline 0.001 -16"><span class='ocrx_word' id='word_1_255' title='bbox 424 2627 659 2668; x_wconf 87' lang='lat' dir='ltr'>diutissime</span> <span class='ocrx_word' id='word_1_256' title='bbox 699 2628 935 2681; x_wconf 81' lang='lat' dir='ltr'>impetrata.</span> <span class='ocrx_word' id='word_1_257' title='bbox 990 2629 1042 2669; x_wconf 90' lang='lat' dir='ltr'>Et</span> <span class='ocrx_word' id='word_1_258' title='bbox 1075 2638 1194 2669; x_wconf 92' lang='lat' dir='ltr'>notet</span> <span class='ocrx_word' id='word_1_259' title='bbox 1239 2629 1367 2669; x_wconf 81' lang='lat' dir='ltr'>tercio</span> <span class='ocrx_word' id='word_1_260' title='bbox 1408 2643 1481 2682; x_wconf 87' lang='lat' dir='ltr'>per</span> <span class='ocrx_word' id='word_1_261' title='bbox 1518 2629 1792 2683; x_wconf 85' lang='lat' dir='ltr'>iuxtaposi-3</span> 
     </span>
    </p>
   </div>
   <div class='ocr_carea' id='block_1_4' title="bbox 422 2776 1752 2954">
    <p class='ocr_par' dir='ltr' id='par_1_4' title="bbox 422 2776 1752 2954">
     <span class='ocr_line' id='line_1_35' title="bbox 476 2776 1752 2813; baseline 0.002 -10"><span class='ocrx_word' id='word_1_262' title='bbox 476 2787 505 2812; x_wconf 59' lang='lat'>4.</span> <span class='ocrx_word' id='word_1_263' title='bbox 535 2778 563 2805; x_wconf 84' lang='grc' dir='ltr'>Α</span> <span class='ocrx_word' id='word_1_264' title='bbox 584 2777 612 2804; x_wconf 89' lang='lat' dir='ltr'>in</span> <span class='ocrx_word' id='word_1_265' title='bbox 638 2784 755 2811; x_wconf 76' lang='lat' dir='ltr'>marg.:</span> <span class='ocrx_word' id='word_1_266' title='bbox 788 2776 931 2811; x_wconf 64' lang='lat' dir='ltr'>Qualiter</span> <span class='ocrx_word' id='word_1_267' title='bbox 961 2777 1174 2805; x_wconf 83' lang='lat' dir='ltr'>sabbatizacio</span> <span class='ocrx_word' id='word_1_268' title='bbox 1204 2786 1259 2813; x_wconf 76' lang='lat' dir='ltr'>pro</span> <span class='ocrx_word' id='word_1_269' title='bbox 1290 2784 1371 2805; x_wconf 83' lang='lat' dir='ltr'>auno</span> <span class='ocrx_word' id='word_1_270' title='bbox 1392 2777 1525 2813; x_wconf 78' lang='lat' dir='ltr'>septimo</span> <span class='ocrx_word' id='word_1_271' title='bbox 1553 2783 1580 2806; x_wconf 83' lang='lat' dir='ltr'>et</span> <span class='ocrx_word' id='word_1_272' title='bbox 1609 2778 1752 2807; x_wconf 78' lang='lat' dir='ltr'>remissio</span> 
     </span>
     <span class='ocr_line' id='line_1_36' title="bbox 423 2823 1751 2860; baseline 0.002 -9"><span class='ocrx_word' id='word_1_273' title='bbox 423 2831 479 2859; x_wconf 77' lang='lat' dir='ltr'>pro</span> <span class='ocrx_word' id='word_1_274' title='bbox 495 2832 576 2851; x_wconf 83' lang='lat' dir='ltr'>auno</span> <span class='ocrx_word' id='word_1_275' title='bbox 594 2824 707 2851; x_wconf 86' lang='lat' dir='ltr'>iubilco</span> <span class='ocrx_word' id='word_1_276' title='bbox 730 2823 786 2851; x_wconf 87' lang='lat' dir='ltr'>suit</span> <span class='ocrx_word' id='word_1_277' title='bbox 808 2823 908 2851; x_wconf 71' lang='lat' dir='ltr'>valida</span> <span class='ocrx_word' id='word_1_278' title='bbox 929 2829 1070 2860; x_wconf 77' lang='lat' dir='ltr'>tempore</span> <span class='ocrx_word' id='word_1_279' title='bbox 1093 2833 1149 2854; x_wconf 88' lang='lat' dir='ltr'>suo</span> <span class='ocrx_word' id='word_1_280' title='bbox 1166 2830 1193 2852; x_wconf 84' lang='lat' dir='ltr'>et</span> <span class='ocrx_word' id='word_1_281' title='bbox 1215 2833 1276 2852; x_wconf 84' lang='lat' dir='ltr'>non</span> <span class='ocrx_word' id='word_1_282' title='bbox 1292 2824 1364 2852; x_wconf 84' lang='lat' dir='ltr'>iam.</span> <span class='ocrx_word' id='word_1_283' title='bbox 1507 2825 1548 2852; x_wconf 61' lang='lat'>18.</span> <span class='ocrx_word' id='word_1_284' title='bbox 1569 2825 1751 2854; x_wconf 85' lang='lat' dir='ltr'>continuum</span> 
     </span>
     <span class='ocr_line' id='line_1_37' title="bbox 424 2870 1749 2906; baseline 0.002 -9"><span class='ocrx_word' id='word_1_285' title='bbox 424 2872 453 2898; x_wconf 85' lang='lat' dir='ltr'>iu</span> <span class='ocrx_word' id='word_1_286' title='bbox 475 2870 565 2897; x_wconf 81' lang='lat' dir='ltr'>codd.</span> <span class='ocrx_word' id='word_1_287' title='bbox 710 2878 756 2897; x_wconf 78' lang='lat'>20.</span> <span class='ocrx_word' id='word_1_288' title='bbox 779 2871 822 2898; x_wconf 68' lang='lat' dir='ltr'>A:</span> <span class='ocrx_word' id='word_1_289' title='bbox 851 2871 1056 2898; x_wconf 81' lang='lat' dir='ltr'>contribulos.</span> <span class='ocrx_word' id='word_1_290' title='bbox 1202 2870 1243 2898; x_wconf 70' lang='lat'>23.</span> <span class='ocrx_word' id='word_1_291' title='bbox 1274 2872 1302 2900; x_wconf 74' lang='lat' dir='ltr'>A</span> <span class='ocrx_word' id='word_1_292' title='bbox 1330 2871 1359 2899; x_wconf 83' lang='lat' dir='ltr'>in</span> <span class='ocrx_word' id='word_1_293' title='bbox 1391 2879 1508 2906; x_wconf 63' lang='lat' dir='ltr'>marg:</span> <span class='ocrx_word' id='word_1_294' title='bbox 1539 2871 1643 2899; x_wconf 77' lang='lat' dir='ltr'>Status</span> <span class='ocrx_word' id='word_1_295' title='bbox 1667 2872 1749 2899; x_wconf 85' lang='lat' dir='ltr'>cleri.</span> 
     </span>
     <span class='ocr_line' id='line_1_38' title="bbox 422 2917 1436 2954; baseline 0 -9"><span class='ocrx_word' id='word_1_296' title='bbox 422 2917 503 2947; x_wconf 75' lang='lat' dir='ltr'>Nota</span> <span class='ocrx_word' id='word_1_297' title='bbox 524 2919 590 2947; x_wconf 76' lang='lat' dir='ltr'>tria.</span> <span class='ocrx_word' id='word_1_298' title='bbox 614 2919 645 2946; x_wconf 78' lang='grc' dir='ltr'>Β.</span> <span class='ocrx_word' id='word_1_299' title='bbox 666 2918 695 2946; x_wconf 85' lang='lat' dir='ltr'>in</span> <span class='ocrx_word' id='word_1_300' title='bbox 713 2925 810 2952; x_wconf 73' lang='lat' dir='ltr'>marg.</span> <span class='ocrx_word' id='word_1_301' title='bbox 834 2926 915 2945; x_wconf 82' lang='lat' dir='ltr'>maii.</span> <span class='ocrx_word' id='word_1_302' title='bbox 938 2919 1007 2946; x_wconf 79' lang='lat' dir='ltr'>alt.:</span> <span class='ocrx_word' id='word_1_303' title='bbox 1030 2918 1111 2947; x_wconf 80' lang='lat' dir='ltr'>Nota</span> <span class='ocrx_word' id='word_1_304' title='bbox 1133 2927 1189 2954; x_wconf 79' lang='lat' dir='ltr'>pro</span> <span class='ocrx_word' id='word_1_305' title='bbox 1212 2918 1436 2946; x_wconf 84' lang='lat' dir='ltr'>sacerdotibus.</span> 
     </span>
    </p>
   </div>
  </div>
 </body>
</html>
