2045 3312
287 246 375 275 CAP.
398 238 493 292 xm]
789 251 848 282 DE
876 250 1110 282 ECCLESIA.
1811 241 1895 294 457

133 366 169 398 V
192 357 334 410 193¹¹ad
368 356 625 395 credendum
657 355 737 395 hoc
772 365 911 395 totum
948 354 1105 394 sactum
1129 354 1253 393 fuisse
1288 355 1484 395 illusione
1518 355 1602 394 dia-

284 426 382 477 boli,
428 435 466 466 et
512 427 635 465 credo
680 426 797 478 quod
844 439 970 464 nemo
1025 424 1147 464 faciet
1194 424 1454 464 evidenciam
1501 425 1603 479 quin

281 497 377 535 licet
421 495 612 535 fidelibus
647 495 809 548 opinari
849 495 964 548 quod
1011 494 1211 534 feretrum
1259 509 1366 547 pape
1412 495 1603 534 bellantis

282 566 529 605 translatum
564 565 642 605 fuit
673 565 714 604 in
748 565 966 604 ecclesiam
1001 573 1085 604 arte
1126 565 1309 618 dyaboli,
1345 566 1431 605 Nec
1465 565 1603 619 sequi-

249 645 347 678 5tur
379 650 427 675 ex
459 635 668 675 sentencia
703 635 930 688 Augustini
971 636 1086 689 quod
1130 635 1336 688 scriptura
1370 636 1404 675 10
1438 637 1603 689 Regum

281 706 496 746 XXVHIvo
532 706 583 746 sit
622 706 735 756 falsa,
778 705 874 759 quia
916 705 1014 744 dicit
1047 707 1164 759 quod
1204 719 1362 745 nomen
1396 706 1603 745 Samuelis

280 777 415 830 signat
472 776 709 816 translative
762 776 995 829 dyabolum
1047 775 1320 829 figurantem;
1381 776 1438 815 sic
1491 776 1601 816 enim

281 847 431 887 dicitur
453 846 465 885 l
489 846 689 886 Johannis
712 847 784 897 Vs‘,
810 846 832 884 8
858 847 972 899 quod
994 846 1187 899 spiritus,
1223 860 1337 899 aqua
1362 853 1399 886 et
1419 848 1603 900 sanguis

283 931 413 957 unum
459 924 560 957 sunt
604 917 645 956 in
680 916 836 966 officio,
881 916 1142 970 designando
1188 916 1419 957 trinitatem
1464 917 1603 956 divine

227 1007 265 1028 10
282 986 477 1039 essencie7
527 996 564 1026 et
609 987 650 1026 in
690 987 909 1027 communi
949 988 1081 1026 modo
1115 987 1316 1040 loquendi
1350 987 1603 1039 pretendens

282 1071 506 1110 personam
545 1057 712 1097 alterius
744 1066 918 1097 vocatur
950 1057 1125 1097 nomine
1168 1056 1278 1096 illius
1318 1057 1435 1097 cuius
1469 1056 1604 1096 vicem

280 1128 500 1180 pretendit.
532 1128 598 1167 Sic
627 1128 741 1167 enim
762 1128 974 1167 lohannes
998 1127 1148 1167 dicitur
1170 1127 1342 1180 Helya8‚
1368 1136 1407 1166 et
1429 1127 1603 1180 angelus

280 1198 458 1238 vicarius
498 1198 574 1238 Dei
606 1198 797 1252 loquitur
839 1198 881 1237 in
927 1198 1015 1251 lege
1058 1197 1184 1237 veteri
1229 1197 1271 1236 in
1317 1210 1495 1250 persona
1527 1197 1602 1237 Dei

279 1268 397 1308 cuius
450 1269 706 1309 sentenciam
760 1277 1031 1322 representat.
1095 1268 1331 1308 Redeundo
1391 1281 1490 1321 ergo
1551 1267 1603 1306 ad
1625 1277 1756 1306 Christus
1779 1279 1895 1313 priests

225 1339 561 1391 15propositun]‚
595 1348 711 1392 patet
744 1339 860 1392 quod
883 1352 1050 1378 necesse
1084 1348 1144 1378 est
1170 1339 1405 1378 sacerdotes
1445 1337 1602 1377 Christi
1625 1313 1889 1388 oriifiiiddssassr-

278 1409 486 1449 dimittere
520 1409 624 1449 ritus
657 1409 832 1463 gentiles
865 1410 916 1448 de
949 1408 1185 1448 maioritate
1219 1408 1326 1448 civili
1361 1417 1400 1448 et
1422 1408 1601 1448 omnino
1661 1384 1851 1446 wtcjiuii'civlie

278 1480 490 1519 attendere
521 1480 743 1533 quomodo
769 1479 983 1532 copiosius
1007 1488 1132 1533 atque
1156 1479 1358 1518 humilius
1388 1478 1601 1518 fructuose

277 1549 455 1590 servient
486 1550 528 1589 in
563 1549 734 1590 ecclesia
769 1559 908 1589 sancta
941 1549 1016 1589 Dei
1051 1549 1226 1589 scientes
1267 1563 1315 1588 ex
1359 1547 1440 1588 fide
1485 1549 1601 1602 quod

276 1621 510 1660 secundum
554 1621 634 1660 hoc
678 1621 768 1660 laus
814 1629 853 1660 et
896 1619 1112 1660 maioritas
1145 1629 1244 1659 sunt
1285 1633 1307 1658 a
1345 1620 1448 1659 Deo.
1503 1618 1602 1658 Ideo

219 1711 259 1732 20
276 1691 510 1730 secundum
544 1690 859 1731 Crisostomum
904 1690 1009 1730 sicut
1054 1690 1245 1729 membra
1288 1689 1463 1729 humani
1510 1702 1601 1728 cor—

276 1760 387 1812 poris
441 1761 648 1801 nobiliora
699 1775 783 1801 non
830 1761 1084 1814 impugnant
1134 1760 1276 1799 minus
1322 1759 1478 1798 nobilia
1532 1760 1602 1798 sed

276 1830 460 1870 iuvando
501 1846 542 1870 se
582 1831 793 1884 reciproce
827 1831 1044 1883 complent
1079 1844 1152 1869 sua
1186 1829 1340 1881 officia,
1386 1829 1443 1868 sic
1477 1830 1603 1869 debet

276 1915 363 1940 esse
397 1902 447 1941 de
480 1901 679 1940 membris
713 1910 853 1941 sancte
888 1901 1032 1940 matris
1066 1901 1257 1940 ecclesie:
1304 1899 1600 1952 unusquisque

276 1971 364 2010 sine
409 1985 568 2024 pompa
618 1971 866 2011 maioritatis
911 1972 976 2010 vel
1028 1971 1115 2011 eius
1164 1970 1431 2011 solicitudine
1478 1970 1603 2010 debet

219 2052 258 2084 25
276 2041 461 2081 iuvando
487 2050 525 2081 et
548 2042 729 2081 amando
755 2042 987 2096 quemlibet
1019 2041 1179 2095 operari
1209 2041 1251 2080 in
1276 2054 1351 2080 sua
1372 2039 1600 2079 vocacione

277 2111 484 2151 subducta
518 2112 788 2152 contenciosa
821 2111 1130 2151 adversacione.

223 2192 261 2225 X
335 2181 526 2234 Septimo
559 2182 724 2222 videtur
763 2183 879 2236 quod
918 2182 1059 2222 nullus
1101 2180 1304 2234 prescitus
1345 2179 1491 2232 recipit
1523 2179 1600 2219 rite
1633 2200 1772 2236 Baptism
1800 2200 1877 2227 does

276 2251 537 2304 baptismum
579 2266 664 2306 quo
711 2253 898 2292 deleatur
946 2252 1194 2305 simpliciter
1238 2265 1365 2290 suum
1399 2249 1600 2303 originale
1617 2235 1894 2307 dss‘s'frggftoffigffiffl

276 2330 517 2374 peccatum;
551 2331 664 2375 patet
697 2336 744 2361 ex
790 2322 909 2362 dictis
954 2322 1131 2363 XXVIIo
1179 2321 1363 2374 capitulo
1406 2319 1497 2359 libri
1536 2317 1598 2359 Vl.
1657 2306 1851 2368 ὦζῖζιὲξζοξῗξ

219 2403 260 2434 ‘30
275 2392 385 2430 Nam
419 2391 556 2431 omnis
579 2392 782 2444 prescitus
805 2401 947 2432 manet
969 2401 1175 2445 perpetuo
1209 2392 1251 2430 in
1276 2389 1439 2430 defectu
1463 2389 1598 2428 finalis

276 2461 599 2514 perseverancie,
623 2463 738 2515 quod
755 2470 815 2502 est
830 2470 1051 2516 peccatum
1068 2461 1367 2515 gravissimum
1384 2469 1423 2500 et
1441 2459 1598 2498 indele-

276 2531 370 2583 bile,
417 2541 456 2571 et
498 2545 572 2585 per
617 2545 880 2585 consequens
915 2546 1002 2572 non
1048 2532 1210 2572 tollitur
1250 2529 1495 2584 simpliciter
1528 2543 1601 2582 per

275 2601 548 2655 baptismum.
584 2602 919 2656 Verumptamen
953 2602 1059 2642 sicut
1091 2602 1233 2656 aliqua
1267 2609 1327 2641 est
1348 2599 1487 2653 gracia
1510 2612 1598 2652 pre-

329 2757 354 2785 7.
377 2749 398 2777 Β
420 2750 450 2778 ἰῐ]
472 2758 589 2786 marg-t
617 2751 698 2778 Nota
718 2751 756 2778 de
775 2758 855 2787 papa
878 2751 1035 2779 bellatore.
1182 2759 1225 2786 19.
1248 2750 1286 2777 13:
1311 2749 1384 2777 Ideo
1405 2748 1500 2776 deest.
1522 2748 1551 2774 A
1570 2746 1602 2774 in

277 2803 384 2831 marg:
419 2796 645 2825 Crisostomus.
789 2805 836 2833 27.
868 2800 896 2825 A
923 2798 952 2825 in
980 2806 1097 2833 marg:
1129 2798 1267 2834 Septima
1287 2795 1459 2824 conclusio.
1489 2794 1602 2821 Nullus

276 2843 430 2877 prescitus
470 2845 577 2880 recipit
616 2845 672 2873 rite
717 2845 908 2879 baptismum
950 2853 1011 2880 quo
1045 2845 1197 2872 deleretur
1238 2848 1401 2880 peccatum
1439 2840 1601 2875 originale.

276 2889 321 2917 28.
342 2891 440 2925 AAl:
462 2892 624 2928 quomodo
645 2892 793 2919 deleatur.

1420 2940 1485 2972 30*
