2045 3312
116 266 135 290 ιο

145 253 163 292 υ.)

172 254 195 291 Ε).

122 1008 280 1035 ΧΠιοεκύΓ
303 1008 367 1035 sins

133 1045 277 1080 mortally
297 1044 326 1071 in
349 1052 365 1071 a

127 1078 251 1105 Churcli
274 1079 367 1105 steals

122 1113 159 1140 its
185 1114 370 1148 protection.

122 2141 244 2169 Cliurcli
267 2142 367 2176 digni-

129 2183 221 2204 taries
242 2178 354 2204 should

114 2218 165 2239 not
187 2213 277 2239 allow
299 2212 372 2239 tairs

111 2253 167 2274 etc.
190 2252 220 2273 to
243 2248 278 2274 be
301 2248 370 2275 held

148 2282 175 2309 in
200 2282 338 2309 Cburch-

192 2317 298 2354 yards;

830 266 1058 298 iomanis
1083 266 1277 298 wrcrir.
1556 253 1662 311 [car.
1678 265 1730 294 xi.

403 384 573 424 cunque
590 373 817 412 tumultus.
844 372 993 412 Omnis
1009 373 1051 412 in
1068 373 1129 412 eis
1143 374 1408 412 secularium
1427 373 1688 414 iudiciorum
1705 375 1730 402 ²³⁶
1750 386 1829 420 ,ὀμ
1845 388 1882 421 G

401 442 606 493 strepitus
638 445 927 495 conquiescat.
975 442 1110 481 Nulla
1160 443 1267 482 inibi
1298 456 1432 483 causa
1459 457 1544 496 per
1576 445 1730 496 laycos

402 512 645 552 criminalis
677 514 866 552 maxime
899 513 1117 566 agitetur;
1154 513 1240 553 sint
1272 514 1367 552 loca
1401 514 1550 553 eadem
1584 527 1609 553 a
1645 515 1726 555 Iai-

404 596 555 622 corum
590 582 1017 636 congregacionibus
1049 583 1208 623 aliena.
1250 585 1338 624 Hec
1370 583 1439 625 ibi.
1494 586 1728 634 Quomodo

401 667 532 706 queso
574 652 679 692 foret
726 653 897 692 ecclesia
931 652 1171 693 fomentum
1205 651 1455 694 criminum?
1488 656 1553 694 vel
1598 669 1726 709 quos-
1747 668 1762 699 5

403 736 571 776 cunque
605 723 645 761 in
679 722 816 775 ipsam
839 723 1151 764 committentes
1175 721 1436 764 defenderet?
1460 725 1581 765 Unde
1604 739 1730 779 super

399 794 527 832 verbo
552 792 818 833 Sedicionem
843 793 943 833 dicit
965 795 1103 847 glossa
1126 796 1245 848 quod
1269 796 1724 850 committensfurtum

401 865 442 904 in
467 864 649 904 ecclesia
669 877 752 904 non
777 864 947 904 habebit
965 865 1262 904 inmunitatem
1288 867 1332 906 in
1356 878 1426 919 ea3
1451 875 1490 906 et
1512 866 1592 906 hoc
1615 877 1727 908 tenet

401 934 650 986 Hostiensis,
675 944 714 974 et
739 935 857 985 bene,
890 948 987 974 cum
1012 934 1160 975 frustra
1184 936 1351 976 invocat
1372 937 1453 977 loci
1478 936 1723 990 suffragium

401 1004 473 1058 qui
509 1004 619 1045 fedat
655 1006 851 1046 eundem.
903 1005 1015 1045 Cum
1048 1019 1147 1058 ergo
1187 1006 1430 1060 quicunque
1475 1006 1650 1047 offendit
1681 1007 1722 1046 in
1744 1029 1783 1050 10

401 1089 488 1114 uno
541 1075 672 1115 factus
713 1085 774 1115 est
811 1076 1008 1116 omnium
1047 1089 1155 1128 reuS,
1198 1076 1471 1117 manifestum
1510 1087 1570 1117 est
1608 1079 1724 1130 quod

401 1145 540 1185 omnis
573 1159 750 1198 peccans
784 1146 1015 1186 mortaliter
1046 1146 1153 1186 intra
1176 1146 1394 1186 ecclesiam
1419 1147 1579 1187 furatur
1602 1148 1722 1201 spiri-

404 1217 515 1256 tuale
548 1215 808 1268 suffragium,
843 1230 929 1270 quo
963 1217 1076 1256 Deus
1109 1216 1204 1270 plus
1227 1216 1453 1257 offenditur
1485 1232 1614 1271 quam
1646 1233 1724 1272 pro

403 1286 515 1326 furto
548 1286 862 1339 temporalium,
897 1300 1046 1339 ymmo
1080 1300 1178 1326 cum
1207 1287 1346 1326 omnis
1370 1301 1583 1341 occupans
1615 1298 1722 1328 tem-

402 1356 560 1410 poralia
593 1356 634 1395 in
675 1356 855 1407 mortali,
904 1355 1044 1396 deficit
1075 1371 1098 1396 a
1142 1356 1230 1396 iure
1271 1358 1414 1396 utendi
1449 1372 1721 1413 quocunque,
1744 1370 1779 1401 ι’)

400 1441 479 1480 pro
514 1436 612 1466 tunc
646 1426 923 1466 manifestum
965 1437 1025 1467 est
1057 1428 1173 1480 quod
1207 1426 1368 1466 furatur
1407 1429 1518 1468 bona
1551 1429 1722 1469 ecclesie

399 1498 442 1536 in
486 1511 569 1550 qua
610 1506 770 1549 pausat.
824 1497 865 1536 Si
889 1510 999 1549 ergo
1034 1497 1101 1536 ille
1134 1497 1186 1536 sit
1219 1497 1503 1550 prevaricator
1536 1499 1717 1552 precepti

398 1567 567 1607 decimi:
592 1568 837 1620 quicunque
859 1568 1015 1606 iniuste
1037 1568 1221 1619 cupierit
1243 1568 1402 1619 aliena,
1426 1569 1563 1608 multo
1587 1570 1720 1623 magis

397 1639 464 1677 ille
498 1647 558 1677 est
581 1637 861 1690 prevaricator
884 1638 1068 1689 decalogi
1094 1637 1167 1690 qui
1192 1637 1477 1678 fraudulenter
1499 1649 1538 1678 et
1562 1639 1716 1679 iniuste

397 1707 554 1748 detinet
601 1707 749 1746 aliena.
803 1707 843 1746 Si
894 1721 991 1761 ergo
1038 1721 1124 1747 non
1177 1708 1270 1748 licet
1309 1708 1432 1748 alicui
1472 1708 1712 1762 dispensare
1736 1731 1777 1751 20

396 1792 493 1818 cum
523 1778 667 1831 aliquo
701 1786 1001 1831 preceptorum
1034 1778 1212 1829 domini,
1249 1778 1522 1818 manifestum
1555 1779 1718 1819 videtur

396 1850 512 1902 quod
547 1862 632 1887 non
657 1848 842 1888 subiacet
864 1847 1063 1901 potestati
1083 1848 1267 1887 humane
1290 1848 1551 1901 privilegiare
1574 1849 1718 1889 locum

398 1919 461 1958 vel
495 1918 731 1969 hominem,
772 1928 817 1958 ut
856 1918 978 1957 liceat
1011 1917 1088 1957 sibi
1121 1917 1257 1957 vivere
1291 1928 1435 1958 contra
1468 1919 1719 1959 mandatum

397 1989 675 2028 dominicum.
731 1989 783 2028 Et
833 1988 897 2027 bic
942 1987 1148 2027 mirantur
1187 1988 1396 2040 nonnulli,
1442 2002 1536 2028 cum
1577 1989 1628 2029 sit
1667 1991 1718 2028 ad

397 2059 664 2113 privilegium
697 2059 799 2099 locis
823 2058 975 2098 sanctis
999 2059 1113 2112 quod
1139 2058 1374 2098 eximantur
1406 2073 1427 2097 a
1461 2073 1718 2113 quocunque
1737 2071 1775 2102 25

397 2129 585 2169 tumultu
609 2129 804 2169 secularis
829 2129 1005 2182 negocii,
1029 2130 1249 2182 quomodo
1266 2129 1500 2182 superiores
1517 2129 1717 2182 prepositi

398 2200 582 2251 ecclesie,
627 2199 782 2239 scilicet
827 2199 1027 2253 episcopi,
1061 2199 1220 2252 priores
1266 2208 1304 2238 et
1346 2199 1514 2238 abbates
1560 2200 1716 2238 nedum

398 2270 647 2323 permittunt
671 2270 742 2309 sed
766 2269 987 2309 vendicant
1012 2278 1056 2309 ut
1089 2268 1357 2322 privilegium
1382 2278 1421 2308 et
1453 2268 1718 2321 pertinaciter

397 2340 644 2390 defendunt,
691 2341 808 2393 quod
852 2340 893 2379 in
940 2340 1123 2379 ecclesiis
1168 2338 1251 2378 suis
1296 2353 1341 2379 ac
1382 2339 1593 2378 cimiteriis
1632 2340 1716 2379 suis

397 2410 479 2450 sint
513 2410 700 2450 nundine
733 2421 772 2450 et
804 2410 1004 2450 secularia
1042 2410 1215 2463 negocia
1255 2423 1337 2463 que
1376 2423 1596 2463 nunquam
1629 2410 1775 2453 sineso

396 2481 496 2519 dolo
521 2490 560 2520 ct
589 2480 761 2520 crimine
786 2480 1007 2534 multiplici
1039 2490 1293 2520 exercentur.
1329 2480 1442 2519 Cum
1464 2490 1607 2520 autem
1630 2494 1715 2519 non

396 2562 456 2591 est
488 2550 689 2603 possibile
725 2560 769 2590 ut
802 2551 887 2590 duo
923 2538 1129 2591 contraria
1162 2550 1243 2590 sint
1282 2551 1407 2590 simul
1446 2550 1715 2602 privilegium

396 2621 531 2660 eidem
556 2620 739 2672 ecclesie,
763 2620 1035 2661 manifestum
1067 2630 1126 2661 est
1149 2622 1265 2675 quod
1288 2621 1352 2660 vel
1377 2629 1544 2673 oportet
1567 2634 1716 2674 negare

395 2691 661 2744 privilegium
687 2691 785 2730 iuris
810 2691 936 2731 divini
962 2706 1008 2731 ac
1033 2692 1131 2731 iuris
1155 2690 1343 2731 canonici
1369 2691 1418 2729 de
1442 2691 1715 2743 exempcione

446 2871 482 2890 ιι.
504 2863 525 2890 ss
546 2862 574 2890 in
595 2870 691 2897 marg.
715 2870 797 2889 man.
813 2862 880 2889 alt.:
908 2861 1037 2890 Furtum
1054 2863 1084 2890 in
1106 2862 1248 2890 ecclesia.
1393 2869 1432 2897 ¹7·
1463 2861 1501 2888 13:
1526 2861 1565 2888 sit
1586 2860 1713 2897 privile-

393 2909 504 2943 giator.
649 2908 688 2936 31.
711 2910 738 2936 A
760 2908 788 2936 in
811 2917 926 2944 marg:
954 2909 1138 2937 Conclusio.
