2045 3312
133 271 207 310 106
840 278 1063 311 JOHANNIS
1089 278 1285 312 WYCLIF.
1581 262 1686 321 [ow.
1697 274 1735 304 v.

415 386 595 428 cuilibet.
630 386 763 425 Aliter
795 384 909 425 enim
942 398 1028 425 non
1061 384 1251 424 iuvarent
1283 398 1324 424 se
1356 384 1408 424 ad
1441 383 1831 436 integrandum143⁰
1852 393 1888 427 N

415 467 595 498 matrem
647 455 864 496 ecclesiam
916 456 969 495 ad
1020 453 1259 508 profectum
1315 454 1549 495 cuiuslibet.
1614 454 1737 493 Tunc

415 541 546 582 arguo
581 527 657 568 sic:
690 528 753 567 Eo
787 527 878 580 ipso
912 540 1000 580 quo
1025 534 1212 566 creatura
1245 526 1408 580 agendo
1432 526 1603 579 prodest
1622 523 1737 564 alteri

415 599 740 653 quodammodo
774 605 834 637 est
868 611 966 637 cum
999 610 1060 649 ea,
1097 596 1169 636 sed
1201 595 1386 650 quelibet
1428 608 1523 649 pars
1568 594 1737 635 ecclesie

416 669 579 722 agendo
613 669 786 722 prodest
819 667 1007 719 cuilibet,
1054 680 1151 720 ergo
1185 666 1370 721 quelibet
1413 665 1772 720 quodammodo5

417 748 478 779 est
511 753 609 779 cum
643 738 843 793 qualibet.
878 741 1165 791 Assumptum
1209 737 1374 776 videtur
1419 750 1465 776 ex
1498 736 1578 776 hoc
1623 736 1739 790 quod

416 823 544 850 omne
577 809 633 849 sic
667 809 866 862 prodesse
899 817 960 848 est
991 807 1224 859 meliorare,
1271 816 1310 847 et
1355 820 1428 860 per
1459 820 1736 860 consequenS‚

125 887 184 915 and
202 887 354 916 therefore
375 886 400 915 is
416 894 463 920 ex
497 879 780 934 acquisicione
814 878 1025 933 qualitatis
1061 892 1141 932 que
1170 886 1230 918 est
1262 876 1428 917 bonitas
1464 885 1524 916 est
1568 877 1739 916 alterare

143 923 271 994 ulllilinlgtg
291 931 378 985 {liffie
416 959 455 990 et
487 950 543 989 sic
576 963 760 1001 movere,
793 950 865 989 sed
889 950 1124 989 secundum
1147 947 1454 1002 philosophum
1476 946 1584 988 V110.
1604 946 1738 987 Phisi-

125 994 401 1092 anegggghbgmer
416 1031 586 1061 corum:
619 1021 670 1060 In
706 1021 824 1060 omni
855 1026 970 1059 motu
1004 1032 1178 1059 movens
1211 1026 1247 1059 et
1280 1024 1440 1058 motum
1464 1023 1565 1057 sunt
1594 1017 1737 1058 simul.
1759 1034 1798 1056 xo

185 1070 335 1100 togmer.
417 1091 482 1131 Sic
516 1090 629 1131 enim
653 1091 894 1130 concedunt
925 1091 1043 1144 quod
1066 1090 1129 1130 sol
1152 1089 1389 1129 secundum
1412 1087 1599 1142 speciem
1619 1100 1740 1126 suam

417 1175 499 1215 que
531 1162 677 1201 lumen
710 1160 860 1201 dicitur
894 1170 954 1200 est
987 1160 1111 1199 simul
1137 1173 1235 1200 cum
1253 1158 1440 1213 qualibet
1473 1166 1588 1211 parte
1628 1156 1740 1196 orbis

418 1231 717 1272 subluminaris
765 1245 895 1285 quam
934 1231 1092 1282 alterat,
1138 1229 1333 1270 sensibile
1366 1238 1428 1269 est
1469 1229 1520 1268 ad
1566 1240 1742 1267 omnem

420 1312 629 1356 punctum
661 1302 788 1342 medii
832 1301 902 1341 ubi
936 1301 1021 1354 agit
1059 1300 1244 1354 speciem
1276 1313 1411 1351 suam,
1457 1307 1496 1338 et
1539 1311 1601 1338 res
1645 1308 1742 1352 post

418 1373 482 1413 sui
516 1373 840 1426 corrupcionem
874 1371 993 1412 estin
1027 1385 1104 1411 suo
1128 1369 1275 1410 effectu
1299 1370 1431 1409 modo
1448 1382 1534 1423 quo
1554 1369 1743 1423 loquitur
1760 1372 1799 1407 15

417 1444 622 1497 scriptura
654 1442 891 1484 Ecclesiast.
925 1442 998 1482 ΙΙΙΟ
1038 1452 1104 1494 14:
1138 1441 1287 1481 Didici
1308 1440 1421 1493 quod
1442 1440 1586 1479 omnia
1609 1451 1741 1492 opera

418 1527 499 1568 que
519 1513 636 1569 fecit
666 1514 866 1554 dominus
891 1519 1173 1566 perseverent
1204 1523 1338 1564 usque
1372 1511 1416 1550 in
1439 1515 1646 1550 eternum.
1680 1510 1742 1549 Ex

124 1592 224 1654 Εἶζνιζ
238 1591 402 1654 ϊὲιῐίἑῑΐξιὲῐῖηιῑ
418 1585 505 1625 istis
540 1584 728 1639 sequitur
759 1584 877 1637 quod
910 1583 1017 1623 sicut
1049 1582 1236 1636 quelibet
1283 1595 1346 1620 res
1392 1590 1453 1620 est
1498 1579 1742 1633 simpliciter

128 1648 402 1725 Cssfflsxglffgnirzsitssin
418 1665 557 1695 eterna
617 1655 852 1694 secundum
917 1667 1005 1693 esse
1070 1666 1197 1693 suum
1247 1652 1535 1705 intelligibile,
1581 1650 1637 1690 sic
1681 1659 1742 1690 est

171 1732 210 1760 1¹³⁴
233 1732 366 1768 quidity-
419 1734 621 1779 perpetua
655 1725 816 1764 nedum
848 1723 889 1763 in
924 1737 998 1763 sua
1031 1723 1167 1776 specie
1201 1732 1241 1763 et
1273 1722 1488 1776 principiis
1510 1719 1739 1775 quiditatis,
1757 1733 1799 1756 20

418 1796 491 1835 secl
524 1795 565 1834 in
599 1795 684 1835 suis
732 1794 866 1834 causis
910 1793 1138 1833 individuis
1185 1802 1224 1832 et
1269 1792 1311 1831 in
1360 1806 1434 1832 sua
1479 1791 1740 1841 causacione,

420 1880 518 1907 cum
551 1879 718 1919 semper
750 1865 800 1904 sit
833 1863 1026 1904 causacio
1061 1863 1281 1903 cuiuslibet
1304 1862 1374 1903 rei.
1396 1863 1450 1903 Et
1466 1860 1742 1902 conformiter

420 1946 479 1977 est
513 1935 682 1990 ubique,
716 1935 812 1975 licet
844 1947 930 1973 non
964 1933 1199 1973 secundum
1222 1932 1491 1973 existenciam
1514 1931 1741 1983 individui;

420 2016 459 2047 et
491 2007 604 2047 idem
635 2005 801 2045 videtur
817 2004 1051 2057 sapientem
1066 2004 1342 2044 Salomonem
1357 2003 1508 2043 sentire
1530 2002 1640 2042 Eccl.
1668 2002 1742 2041 ΙΙΙΟ

421 2075 511 2132 (ubi
536 2073 694 2130 supra):
717 2074 844 2123 Quod
865 2074 1037 2129 factum
1062 2081 1136 2127 est,
1160 2074 1310 2128 inquit,
1333 2074 1473 2126 ipsum
1491 2078 1740 2126 permanet,
1759 2074 1799 2106 25

419 2161 498 2202 que
519 2148 685 2202 futura
717 2152 815 2185 sunt
848 2146 933 2186 iam
954 2146 1164 2200 fuerunt,
1189 2152 1229 2184 et
1252 2146 1369 2184 Deus
1391 2145 1609 2184 instaurat
1629 2143 1744 2196 quod

420 2219 538 2258 abiit.
574 2218 680 2257 Ecce
714 2217 937 2270 quomodo
970 2216 1109 2269 primo
1145 2215 1358 2268 proponit,
1392 2214 1616 2267 quomodo
1640 2226 1741 2266 que-

420 2289 520 2328 libet
553 2297 739 2328 creatura
772 2295 992 2340 permanet
1036 2294 1242 2339 perpetuo
1289 2293 1328 2324 et
1371 2284 1521 2338 probat
1566 2283 1648 2322 hoc
1693 2283 1743 2321 de

421 2359 543 2398 nobis
577 2358 741 2409 futuris,
775 2371 825 2396 eo
856 2357 973 2410 quod
1005 2356 1094 2409 ipsa
1125 2355 1209 2395 iam
1250 2354 1432 2406 fuerunt,
1464 2362 1552 2393 tam
1583 2353 1625 2392 in
1659 2351 1743 2391 suis

424 2429 557 2470 causis
591 2442 721 2483 quam
756 2428 797 2467 in
831 2427 915 2467 suis
950 2425 1175 2467 effectibus.
1210 2425 1364 2465 Probat
1396 2424 1476 2464 hoc
1509 2424 1660 2464 iterum
1693 2423 1743 2462 de
1758 2422 1802 2455 30

421 2500 639 2556 preteritis,
688 2513 738 2538 eo
784 2498 899 2553 quod
934 2494 1047 2537 Deus
1090 2496 1293 2537 instaurat
1336 2496 1377 2534 in
1424 2495 1561 2535 fructu
1606 2493 1743 2548 operis

475 2604 502 2631 S.
524 2605 551 2631 Α
573 2605 627 2638 Ast
650 2603 808 2630 bonitatis.
883 2609 912 2636 9.
933 2602 961 2629 A
983 2602 1013 2629 iu
1035 2608 1150 2636 marga
1172 2600 1367 2628 Aristoteles.
1452 2598 1487 2626 15.
1509 2599 1554 2626 A:
1577 2605 1741 2632 corrump-

423 2651 557 2679 cionem.
703 2649 738 2677 15.
760 2650 788 2676 Α
809 2651 859 2683 Ast
881 2648 991 2676 effectu
1013 2648 1110 2675 deest.
1255 2648 1296 2674 ιο.
1318 2647 1345 2673 Α
1367 2645 1396 2674 in
1418 2653 1534 2680 marga
1560 2644 1742 2672 Conclusio.

424 2698 567 2734 Qut-libel
596 2705 643 2723 res
675 2701 720 2723 est
751 2700 898 2731 perpetua
925 2695 954 2722 in
976 2694 1039 2721 suis
1061 2693 1162 2721 causis
1183 2694 1212 2721 in
1236 2693 1348 2721 divinis
1369 2698 1396 2720 ct
1417 2693 1446 2720 in
1469 2699 1522 2719 sua
1544 2690 1741 2719 causacione.

566 2743 606 2770 Μ’).
631 2742 712 2770 Eccl.
734 2742 785 2778 ΙΙΙ,
808 2750 857 2775 14:
881 2742 963 2768 Deus
985 2745 1184 2776 perseverent
1205 2742 1234 2767 in
1257 2744 1454 2775 perpetuum.

482 2830 513 2861 9.
530 2813 724 2849 Aristotelis
751 2813 923 2857 Physicae
950 2813 1132 2845 auscultat.
1159 2813 1231 2853 VII,
1252 2824 1277 2844 1.
1304 2812 1367 2844 Ed.
1395 2811 1531 2843 Bekker
1551 2811 1574 2852 l,
1599 2807 1742 2851 2432'1'22

425 2874 459 2907 δὲ
492 2877 626 2919 πρῶτον
658 2875 784 2914 κινοῦν,
818 2870 866 2917 μὴ
894 2869 942 2912 ὥς
972 2870 1010 2903 τὸ
1044 2864 1083 2903 οἶ)
1126 2870 1252 2912 ἕνεκεν,
1296 2867 1473 2902 ἀλλ’ὅθεν
1511 2867 1534 2914 ἡ
1562 2866 1653 2913 ἁρχὴ
1682 2870 1744 2912 τῆς

424 2931 605 2978 κινήσεως,
632 2930 721 2964 ὲῦτὶν
750 2929 821 2976 ἅμα
848 2933 893 2976 τῷ
921 2927 1121 2975 κινουμένῳ.
1268 2928 1319 2961 25.
1347 2939 1378 2959 v.
1412 2927 1459 2961 15.
