2045 3312
133 281 187 319 40

855 276 1081 309 JOHANNIS
1107 276 1305 309 WYCLIF.
1601 263 1753 323 [estu.

424 381 637 422 Simul-ant
669 381 782 421 enim
816 396 863 422 ex
904 382 1071 435 palliata
1103 382 1285 436 ypocrisi
1319 384 1436 437 quod
1468 383 1550 424 sint
1582 383 1654 423 filii
1678 384 1754 425 Dei

425 465 500 505 per
530 451 714 505 graciam
747 451 997 506 adopcionis
1030 461 1070 493 et
1100 452 1183 492 filie
1216 453 1386 494 ecclesie
1409 454 1554 495 matris
1578 468 1651 495 sue
1675 469 1754 509 pro

425 522 544 562 cuius
579 522 739 562 iuribus
771 531 940 562 tantum
967 523 1117 565 zelant.
1150 523 1364 564 Dicamus
1388 524 1524 578 inquit
1545 526 1753 578 scriptum

423 593 475 633 de
517 593 740 642 lzereticis;
785 606 868 632 non
921 594 1030 633 enim
1085 600 1279 634 nostram
1324 595 1506 635 salutem
1551 595 1627 635 sed
1673 608 1754 635 sua

423 670 609 717 querunt
642 663 781 712 lucra,
816 670 855 703 et
886 663 1107 717 deceptum
1131 678 1311 719 gregem
1329 664 1513 717 pedibus
1537 666 1629 706 suis
1652 679 1753 706 con-

422 740 579 775 terunt.
621 733 743 773 Pater
785 733 954 774 heretici
1001 744 1062 775 est
1094 734 1207 775 Deus
1246 734 1318 788 qui
1367 735 1519 775 creavit
1557 749 1670 788 eum,
1715 744 1755 776 et

425 812 558 844 mater
604 803 797 856 ecclesia3
839 817 984 845 socrus
1022 805 1074 844 ad
1117 804 1279 844 literam
1318 814 1379 844 est
1416 814 1549 845 mater
1586 805 1754 846 alterius

424 873 671 927 coniugum.
705 877 784 914 Ast
814 887 920 914 uxor
952 874 1038 915 nati
1068 874 1219 915 dicitur
1241 888 1329 915 esse
1354 889 1499 928 nurus,
1534 889 1632 915 cum
1655 889 1753 930 ergo

425 944 616 985 Christus
656 945 893 985 secundum
931 944 1241 986 humanitatem
1280 945 1332 985 sit
1370 959 1557 998 sponsus
1595 950 1753 996 anime,

422 1015 511 1054 imo
543 1014 681 1054 tocius
714 1014 905 1067 ecclesie3
948 1023 988 1055 et
1020 1028 1119 1055 cum
1151 1015 1233 1055 hoc
1267 1024 1497 1069 conceptus
1530 1017 1581 1056 de
1607 1017 1753 1070 spiritu

423 1093 569 1125 sancto
608 1094 829 1139 tamquam
868 1094 1000 1125 matre
1041 1098 1116 1125 sua
1147 1085 1262 1125 iuxta
1301 1085 1404 1125 illud
1448 1086 1565 1139 quod
1603 1087 1754 1139 allegat

422 1156 675 1209 ,leronymus
720 1187 729 1196 .
774 1189 782 1197 .
828 1186 837 1195 .
883 1188 891 1196 .
941 1155 1056 1195 Tulit
1088 1169 1153 1196 me
1186 1162 1325 1195 mater
1356 1169 1449 1196 mea
1484 1157 1525 1196 in
1560 1169 1644 1196 uno
1681 1170 1753 1196 ca-

418 1226 629 1279 pillorum
678 1239 870 1267 meorum
921 1225 1035 1276 (caro
1085 1226 1198 1266 enim
1245 1235 1306 1266 est
1350 1226 1525 1280 capillus
1579 1225 1752 1281 anime),

423 1304 538 1349 patet
582 1296 700 1350 quod
752 1296 922 1350 spiritus
963 1304 1145 1348 sanctus,
1200 1310 1299 1337 cum
1337 1296 1388 1336 sit
1426 1305 1559 1337 mater
1598 1296 1753 1338 Christi

425 1366 569 1420 sponsi
603 1366 786 1419 ecclesie,
828 1375 889 1406 est
927 1379 1071 1407 socrus
1116 1366 1256 1407 anime
1301 1381 1382 1421 que
1428 1367 1621 1407 vendicat
1664 1381 1752 1408 esse

424 1450 581 1490 sponsa
614 1436 783 1489 Christi,
816 1436 915 1491 quia
947 1445 1080 1477 mater
1111 1437 1262 1478 mariti.
1304 1438 1357 1478 Et
1390 1452 1438 1478 ex
1470 1438 1618 1477 eadem
1651 1451 1751 1477 con-

425 1506 682 1547 sideracione
734 1507 875 1547 anima
926 1508 1179 1561 pretendens
1231 1522 1273 1548 se
1318 1522 1407 1549 esse
1451 1522 1628 1548 uxorem
1680 1508 1752 1548 filii

425 1577 594 1631 spiritus
633 1577 762 1618 sancti
803 1577 954 1618 dicitur
992 1591 1126 1618 nurus
1165 1578 1266 1618 eius.
1320 1578 1503 1619 Heretici
1543 1592 1641 1632 ergo
1680 1579 1754 1633 qui

424 1648 680 1701 pretendunt
712 1661 754 1688 se
787 1662 876 1688 esse
916 1661 1046 1688 nuros
1080 1648 1249 1702 spiritus
1283 1649 1413 1689 sancti
1447 1663 1575 1702 quem
1606 1649 1752 1689 vendi-

424 1727 520 1758 cant
558 1731 728 1759 socrum
767 1732 902 1771 suam,
949 1727 1195 1772 separantur
1238 1719 1288 1759 ab
1334 1733 1384 1759 eo
1429 1733 1501 1772 per
1535 1719 1753 1760 Christum

424 1788 585 1828 detecta
618 1801 768 1829 eorum
801 1788 976 1841 fallacia,
1010 1798 1050 1829 et
1082 1788 1138 1828 ita
1171 1802 1269 1829 cum
1303 1789 1548 1829 universalis
1582 1789 1753 1830 ecclesia

423 1858 475 1898 sit
522 1858 677 1898 domus
722 1858 885 1898 domini
923 1859 1019 1899 Jesu
1060 1858 1229 1911 Christi,
1269 1868 1309 1899 et
1352 1872 1426 1912 per
1471 1873 1752 1914 consequens,

423 1942 574 1968 omnes
616 1928 785 1969 heretici
832 1929 904 1982 qui
950 1938 1049 1969 sunt
1092 1929 1320 1970 facietenus
1362 1930 1402 1969 in
1443 1930 1614 1970 ecclesia
1653 1940 1753 1971 sunt

424 2008 615 2052 pretense
648 1998 736 2039 eius
770 1999 1005 2052 domestici,
1039 2008 1154 2053 patet
1176 2000 1292 2054 quod
1316 2014 1465 2040 omnes
1490 2000 1547 2040 illi
1572 2010 1670 2041 sunt
1692 2001 1750 2040 illi

422 2068 588 2108 homini
620 2068 907 2121 patrifamilias
939 2069 1111 2110 inimici.
1146 2069 1296 2110 Huius
1329 2069 1466 2124 inquit
1496 2071 1750 2125 „leronymus

423 2139 584 2179 inimici
615 2145 715 2178 sunt
746 2141 819 2192 qui
844 2146 1064 2192 putantur
1095 2140 1139 2180 in
1172 2139 1295 2180 domo
1333 2139 1491 2179 Christi
1524 2153 1629 2193 esse,
1675 2141 1752 2181 lzoc

423 2253 532 2289 sponsi
560 2252 663 2280 anime
689 2261 743 2279 sen
772 2252 914 2280 ecclesie.
937 2252 1052 2280 Anima
1071 2260 1145 2280 vero
1167 2257 1211 2280 est
1233 2261 1328 2281 nurus
1350 2253 1477 2288 spiritns
1498 2254 1606 2289 sancti,
1627 2263 1698 2282 curn
1719 2264 1752 2283 se

423 2299 578 2336 pretendit
598 2308 665 2326 esse
687 2306 838 2334 sponsam
860 2298 910 2326 lilii
925 2299 1054 2335 spiritus
1069 2299 1177 2336 sancti,
1200 2299 1252 2336 qui
1274 2300 1353 2327 filius
1374 2299 1487 2327 dicitnr
1508 2308 1577 2327 esse
1600 2300 1751 2329 Christus.

422 2347 585 2375 Hereticus
607 2354 679 2380 ergo
708 2345 860 2381 pretendit
884 2354 915 2372 se
943 2345 1050 2381 lilium,
1077 2345 1169 2373 liliam
1190 2350 1218 2374 et
1245 2354 1368 2382 nurum,
1390 2354 1481 2381 quem
1503 2345 1647 2374 Christus
1670 2347 1751 2375 venit

423 2401 568 2429 separare
590 2400 605 2420 a
620 2397 716 2428 patre,
738 2396 835 2420 matre
851 2396 881 2420 et
892 2399 992 2419 socru.
1014 2392 1051 2419 Et
1067 2397 1148 2428 patet
1164 2392 1349 2420 brevissima
1363 2398 1480 2420 textus:
1506 2392 1583 2421 Veni
1600 2401 1751 2429 separare

422 2441 570 2469 hominem
590 2439 736 2467 adversus
752 2442 871 2475 patrem
891 2447 975 2467 sumn
995 2442 1024 2467 el
1033 2438 1137 2473 filium
1156 2439 1304 2467 adversus
1323 2443 1460 2468 matrem.

482 2508 503 2527 1.
524 2499 563 2526 B:
593 2499 676 2534 quod
707 2499 767 2526 sint
799 2498 858 2526 clei.
1003 2505 1027 2525 2.
1050 2499 1088 2526 ss:
1119 2498 1177 2526 lilie
1204 2498 1310 2526 matris
1332 2507 1386 2526 sue
1408 2506 1465 2534 pro
1487 2498 1601 2535 quibus
1622 2498 1751 2527 viribus.

424 2548 448 2576 5.
465 2547 493 2575 6.
510 2546 546 2573 B:
571 2545 724 2574 contrivit.
748 2545 769 2572 B
791 2545 820 2573 in
843 2553 929 2581 marg
950 2545 1052 2573 infera

424 2595 506 2622 Deus
528 2597 614 2628 pater
635 2600 690 2627 per
703 2592 945 2643 creacionern,N
978 2591 1181 2647 sHereticns
1194 2597 1358 2628 pretensus
1371 2592 1448 2619 lilius
1462 2600 1517 2628 per
1531 2592 1751 2629 adopcionem‚

424 2640 563 2669 Ecclesia
584 2647 691 2675 nuruS‚
911 2638 1185 2666 fi——Hereticus
1218 2638 1280 2666 lilia
1306 2639 1476 2666 secuudum
1508 2639 1753 2676 pretensionem‚

424 2686 557 2722 Spiritus
578 2690 704 2713 sanctus
726 2693 833 2713 socrus
912 2660 953 2702 s
981 2660 1187 2712 NHereticus
1205 2693 1300 2712 nurus
1314 2685 1484 2712 secundum
1504 2685 1750 2713 simulacionem.

425 2743 464 2762 12.
483 2734 690 2769 Jeronymns:
713 2732 741 2759 in
765 2732 858 2760 codd.
881 2740 944 2767 seq.
966 2732 1086 2759 lacuna.
1267 2732 1305 2759 15.
1326 2732 1358 2759 In
1380 2731 1477 2759 codd:
1501 2732 1630 2760 ecclesie
1653 2733 1749 2767 quod.

426 2778 565 2808 Correxi.
656 2787 693 2807 21.
715 2779 754 2806 12:
777 2784 803 2806 et
826 2780 947 2813 igitur.v
1042 2779 1083 2807 25.
1105 2780 1132 2807 A
1148 2778 1185 2806 B:
1209 2778 1388 2806 huiusmodi
1408 2778 1517 2814 inquit.
1539 2780 1578 2814 A,
1600 2779 1749 2808 correxit:

425 2826 531 2861 huius;
552 2826 614 2853 vid.
634 2825 758 2854 comm.
782 2825 966 2862 Hieronymi
988 2826 1006 2853 l.
1026 2834 1052 2853 c.

483 2921 513 2953 (1,
542 2923 779 2954 Commentar.
808 2921 1011 2966 Hieronymi
1040 2923 1072 2954 in
1100 2920 1292 2955 Michaeam
1321 2922 1342 2955 l.
1370 2932 1398 2954 c.
1425 2932 1501 2965 pag.
1534 2921 1631 2954 1180.

1774 396 1907 431 1330M

1771 677 1788 709 5

1772 1038 1812 1061 10

1772 1380 1810 1413 15

1769 1740 1812 1763 20
