2045 3312
298 292 385 320 mv.
407 280 505 337 xvi]
857 292 915 322 DE
943 290 1178 322 ECCLEsm.

159 413 192 445 P
218 400 493 453 iswlegitime
541 398 795 448 militarunt3
841 406 879 436 et
924 410 1000 449 pro
1040 395 1183 435 iterata
1226 394 1469 433 defensione
1513 393 1626 445 regni

268 482 292 514 2
310 469 526 510 necessarii
550 477 658 509 sunt.
684 467 894 517 Secundo,
920 466 951 505 si
975 479 1154 520 regnum
1177 479 1254 518 pro
1278 479 1352 504 sua
1383 464 1628 504 defensione

311 539 535 579 necessaria
572 552 659 577 non
692 538 841 577 habeat
873 537 1041 576 aliunde
1076 536 1141 575 vel
1173 535 1483 589 congruencius
1517 535 1629 574 unde

310 609 584 649 militantibus
617 622 695 661 pro
729 606 975 646 defensione
1015 605 1128 659 regni
1175 605 1428 644 ministraret
1472 604 1627 657 stipen-

268 681 388 724 3dia.
423 680 476 719 Et
508 678 651 729 tercio,
685 677 715 716 si
750 677 901 730 vulgus
934 691 1007 730 per
1030 685 1144 716 taxas
1179 674 1480 729 gubernacioni
1514 675 1627 726 regni

310 749 559 789 necessarias
592 748 642 786 ad
677 747 853 786 nimiam
888 747 1134 800 pauperiem
1168 746 1218 786 sit
1251 746 1462 785 reductus.
1496 745 1628 784 Racio

310 821 415 859 beati
449 818 664 859 Ambrosii
699 827 778 858 stat
810 819 850 857 in
884 818 990 858 isto:
1026 817 1176 857 Melius
1210 825 1270 856 est
1303 817 1421 869 quod
1452 829 1627 868 regnum

309 890 500 943 religiose
533 889 781 928 defendatur
812 902 885 942 per
916 888 1085 942 propria
1109 901 1239 941 quam
1271 887 1389 939 quod
1412 886 1453 924 in
1478 899 1627 939 penam

308 961 464 1014 peccati
497 960 561 999 sui
594 960 844 1013 depredetur
882 961 931 999 de
971 959 1050 998 hiis
1084 972 1166 1012 que
1199 957 1401 997 inutiliter
1440 966 1478 996 et
1511 971 1631 996 avare

256 1031 478 1073 ioretinuit
511 1046 532 1071 a
565 1039 688 1084 gente
721 1030 917 1083 sacrilega
950 1029 1096 1069 aliena.
1131 1028 1196 1068 Sic
1230 1027 1344 1066 enim
1367 1028 1630 1081 Nabugodo-

310 1115 442 1141 nosor
475 1115 523 1140 ex
555 1109 728 1154 peccato
763 1101 1033 1141 sacerdotum
1066 1099 1162 1139 fecit
1195 1098 1403 1151 templum.
1443 1097 1482 1136 in
1516 1099 1629 1137 Jeru-

310 1173 441 1211 salem
481 1171 651 1224 spoliari
686 1172 747 1223 (ut
785 1180 897 1224 patet
940 1172 1106 1224 Regum
1139 1170 1228 1208 XX.
1272 1177 1312 1208 et
1352 1168 1498 1208 Daniel
1540 1167 1631 1222 VO),

311 1243 381 1282 sed
416 1242 514 1295 quid
551 1251 724 1294 propter
757 1241 993 1294 superbiam
1031 1254 1114 1294 qua
1143 1240 1237 1293 plus
1267 1239 1466 1278 timemus
1489 1238 1632 1278 hostes

1836 273 1915 327 377

1668 409 1703 428 or
1724 404 1755 427 to
1777 399 1890 428 defend

1695 436 1744 463 llic
1764 436 1871 471 realm,

1679 688 1715 707 01·
1739 685 1770 707 to
1792 679 1883 718 avoid

1691 724 1753 750 opp
1759 723 1873 754 ressive

1707 755 1855 778 taxation.

311 1326 570 1365 cognoscere
602 1321 790 1351 nostram
826 1311 1053 1364 egenciam,
1088 1325 1217 1364 quam
1252 1311 1389 1349 Deum
1422 1308 1631 1348 offendere
1646 1321 1725 1348 Now
1750 1321 1797 1348 me
1819 1321 1921 1356 clergy

256 1396 385 1436 15per
432 1392 621 1423 nostram
669 1382 974 1435 arroganciam,
1030 1391 1070 1421 et
1122 1381 1223 1434 quid
1278 1394 1350 1433 per
1397 1379 1631 1419 evidencias

310 1453 559 1506 sophisticas
594 1461 632 1492 et
676 1461 838 1505 partem
887 1466 1016 1505 quam
1063 1450 1159 1491 facit
1204 1450 1336 1490 clerus
1385 1449 1631 1503 potentibus

309 1522 630 1563 lamentabiliter
662 1535 866 1575 pauperes
901 1530 999 1560 sunt
1032 1517 1219 1574 predati?
1261 1520 1313 1560 Et
1345 1520 1420 1559 ista
1454 1519 1632 1559 creditur

312 1607 395 1633 una
428 1606 552 1633 causa
585 1605 711 1645 quare
756 1591 975 1631 thesaurus
1026 1590 1197 1630 ecclesie
1244 1600 1283 1630 et
1331 1590 1426 1630 cleri
1462 1589 1632 1629 Francie

314 1663 393 1703 fuit
426 1677 498 1716 per
530 1672 699 1702 nostros
734 1662 774 1701 in
808 1661 1008 1714 Angliam
1039 1669 1361 1714 transportatus,
1394 1660 1465 1699 sed

255 1793 297 1813 20
421 1769 548 1808 Felix
579 1781 704 1820 quem
726 1768 905 1822 faciunt
937 1767 1081 1806 aliena
1107 1766 1307 1819 pericula
1340 1771 1529 1806 cautum.

373 1874 425 1913 Et
457 1882 570 1926 patet
603 1873 721 1926 quod
754 1872 915 1912 dictum
948 1872 1177 1925 collegium
1215 1872 1337 1910 debet
1380 1871 1474 1910 dare
1520 1870 1632 1910 dicto

222 1943 489 1997 1510pauperi
532 1943 654 1983 militi
703 1942 981 1982 elemosinam
1026 1942 1075 1980 de
1121 1941 1244 1980 bonis
1284 1954 1521 1994 pauperum
1538 1938 1563 1966 ²³²
1581 1941 1633 1980 ad

313 2014 395 2053 hoc
429 2013 547 2065 datis,
583 2027 669 2052 non
715 2022 857 2053 autem
905 2013 954 2052 ad
1002 2011 1245 2051 hereditarie
1291 2010 1635 2064 conquirendum

315 2083 559 2123 dominium
591 2083 789 2135 seculare,
825 2082 922 2136 quia
955 2082 1011 2121 sic
1043 2090 1188 2135 posset
1220 2081 1353 2121 clerus
1386 2081 1634 2135 conquirere

255 2167 294 2199 25
315 2153 459 2193 omnia
491 2167 617 2207 regna
650 2153 812 2204 mundi,
848 2167 945 2192 cum
989 2150 1054 2207 (ut
1085 2149 1303 2205 inquiunt)
1351 2160 1532 2204 possunt
1570 2151 1631 2190 in-

313 2224 430 2264 finite
462 2223 693 2276 adquirere,
727 2223 796 2262 sed
830 2222 957 2262 nichil
991 2222 1170 2261 alienare
1194 2221 1259 2260 vel
1283 2221 1470 2274 perdere,
1505 2231 1544 2261 et
1577 2221 1633 2261 sic

312 2294 520 2333 videretur
567 2294 685 2347 quod
732 2293 823 2333 talis
868 2291 1102 2346 adquisicio
1154 2291 1350 2330 omnium
1406 2305 1635 2344 regnorum

314 2364 462 2404 mundi
496 2363 604 2403 foret
642 2372 885 2403 monstrum
929 2361 1245 2402 abhominabile
1277 2361 1538 2413 Antichristi,
1585 2362 1634 2400 de

316 2447 402 2487 quo
426 2433 575 2474 Daniel
608 2435 697 2485 IX0,
729 2443 799 2487 27:
833 2432 930 2472 Erit
952 2432 992 2472 in
1017 2431 1171 2484 templo
1195 2431 1492 2471 ablzominacio
1516 2432 1634 2471 deso-

257 2517 299 2549 30
316 2504 515 2554 lacionz's;
546 2503 611 2544 cui
645 2503 757 2543 dicto
783 2502 974 2542 Christus
996 2501 1143 2541 alludit
1165 2501 1340 2541 Matthei
1372 2501 1524 2553 XXIV,
1565 2501 1632 2540 15:

319 2574 443 2625 Cum,
460 2573 609 2627 inquit,
625 2573 812 2613 videritis
831 2572 1226 2612 ablzominacionem
1250 2571 1532 2612 desolacionis
1555 2584 1636 2624 que

372 2740 391 2759 1.
412 2732 451 2759 B:
472 2732 554 2760 illata
575 2732 768 2760 defensione.
893 2732 916 2760 5.
937 2731 966 2760 6.
987 2731 1027 2758 B:
1051 2731 1136 2767 regni
1157 2731 1338 2759 necessitas.

374 2870 427 2893 20.
453 2863 568 2905 Vulgo
597 2862 740 2894 iactatus
758 2872 898 2903 versus3
918 2862 951 2894 in
970 2862 1118 2894 eandem
1146 2861 1362 2894 sentenciam
1381 2872 1434 2904 ap.
1454 2861 1634 2893 Plautum:

318 2919 478 2952 Feliciter
504 2921 591 2964 sapit
618 2919 677 2964 qui
704 2920 819 2952 alieno
845 2921 1002 2964 periculo
1029 2922 1128 2964 sapit.

1659 1365 1733 1392 prcy
1753 1364 1837 1390 upon
1858 1356 1908 1383 ille

1742 1399 1831 1426 pOOl'.
