2045 3312
213 252 304 281 CAP.
318 243 372 301 v.]
725 258 784 289 DE
813 259 1045 291 ECCLESIA.
1748 262 1758 286 1
1776 249 1821 288 15

85 371 114 405 Τ
140 372 167 405 8
271 361 432 401 Octavo
465 362 629 402 videtur
675 363 792 416 quod
831 363 1002 402 ecclesia
1041 363 1247 404 catholica
1292 363 1438 403 nullibi
1483 364 1534 405 sit
1561 370 1813 436 ἕὲῗῑεξεᾷὴέἆῑῶ

114 440 194 485 144b
211 445 287 471 nec
339 431 523 485 aliquam
572 441 736 485 partem
788 433 926 485 habet,
980 447 1077 474 cum
1116 434 1244 474 nichil
1283 434 1348 485 sit,
1392 443 1431 474 et
1476 435 1532 475 sic
1583 442 1620 469 be
1643 443 1786 479 nothing-

213 502 383 542 ecclesia
415 503 609 542 Romana
631 516 720 543 non
754 502 862 544 foret
885 504 1052 558 dignior
1074 514 1146 545 aut
1167 505 1381 559 indignior
1403 519 1532 559 quam

210 572 381 612 ecclesia
413 572 630 615 catholica.

159 652 195 684 V
266 641 367 682 Istas
400 642 634 684 evidencias
657 643 778 696 facio,
813 654 859 685 ut
881 644 1042 686 dicatur
1064 645 1216 686 seriose
1239 646 1290 686 ad
1313 646 1533 686 materiam
1547 649 1651 678 These
1676 651 1823 690 opinions

1582 687 1651 713 real!
1669 695 1675 705 i
1708 687 1805 714 ollow

209 721 248 752 et
280 712 463 753 formam
496 714 732 766 racionum,
768 716 916 755 nullibi
949 717 1201 757 declinando
1234 731 1257 757 a
1288 717 1458 757 veritate
1482 717 1532 756 de
1564 689 1715 760 fromlmie
1738 730 1807 757 pre-

206 782 360 823 virtute
393 785 614 838 sermonis,
647 785 746 839 quia
779 787 1038 827 sentenciam
1071 802 1202 842 quam
1241 802 1320 841 ego
1355 787 1531 841 exposui
1625 764 1746 784 mlsses'

208 852 258 893 de
273 854 444 895 ecclesia
458 855 558 895 volo
576 855 800 896 defendere
820 858 871 896 de
885 857 1038 898 virtute
1054 859 1275 910 sermonis,
1292 857 1531 898 communi-

209 925 343 963 cando
391 925 700 978 capciosissime
746 927 933 980 sophiste
974 937 1013 968 et
1046 928 1283 983 cuicunque
1321 927 1431 968 fideli
1467 927 1532 967 vel

155 992 364 1036 10infideli
397 995 553 1036 volenti
588 998 900 1051 quantumlibet
931 999 1171 1053 protervire.
1207 1000 1248 1040 Si
1280 1008 1423 1039 autem
1455 998 1532 1038 ista

209 1063 437 1118 descripcio
471 1079 558 1106 non
591 1066 643 1106 sit
675 1068 825 1120 valida,
850 1070 901 1108 ad
925 1069 1026 1123 quid
1057 1069 1231 1123 ponitur
1258 1084 1334 1123 pro
1371 1082 1529 1123 cogno-

207 1135 359 1175 scenda
391 1144 533 1176 sancta
564 1146 697 1177 matre
730 1136 926 1179 ecclesia?

167 1214 191 1247 9
275 1205 402 1245 Nono
417 1205 593 1259 videtur,
608 1208 828 1261 supposita
843 1210 1062 1251 communi
1077 1210 1213 1264 logica
1226 1210 1311 1250 iam
1327 1218 1531 1262 currente,
1573 1213 1676 1241 There
1690 1214 1793 1242 would

1573 1249 1611 1276 be
1655 1257 1672 1276 o
1693 1250 1739 1277 sin
1765 1251 1791 1277 le

207 1275 323 1328 quod
366 1276 537 1317 ecclesia
580 1278 825 1319 universalis
871 1294 958 1320 non
1003 1281 1055 1321 sit
1096 1280 1267 1335 aliquid,
1314 1280 1412 1334 quia
1456 1292 1531 1320 nec
1585 1258 1663 1312 heffld
1685 1290 1714 1311 10
1734 1258 1784 1312 5¹0

155 1346 445 1389 15substancia
477 1361 552 1388 nec
575 1348 781 1400 accidens,
816 1359 855 1390 et
877 1365 951 1404 per
983 1365 1261 1405 consequens,
1286 1364 1383 1391 cum
1417 1350 1532 1390 nulla
1609 1320 1748 1347 cnurch.

207 1415 259 1455 sit
281 1430 373 1469 pars
397 1417 641 1458 universalis
675 1420 859 1472 ecclesie,
881 1420 971 1474 ipsa
998 1420 1104 1461 foret
1135 1430 1224 1461 tam
1255 1420 1531 1475 quantitative

207 1499 336 1539 quam
367 1487 610 1541 qualitative
641 1489 919 1543 indivisibilis,
955 1501 995 1532 et
1026 1505 1099 1545 per
1132 1505 1409 1546 consequens,
1455 1504 1531 1530 nec

207 1556 406 1597 dominus
439 1573 548 1613 papa
571 1573 647 1600 nec
669 1561 865 1601 Romana
887 1562 1061 1603 ecclesia
1085 1562 1192 1603 foret
1215 1572 1341 1616 caput
1364 1561 1530 1602 univer-

207 1626 302 1666 salis
334 1627 517 1680 ecclesie,
552 1643 601 1670 eo
635 1631 752 1684 quod
783 1645 871 1671 non
905 1633 1116 1687 sequitur:
1158 1633 1200 1673 Si
1233 1633 1322 1686 ipse
1370 1641 1530 1673 exercet

150 1717 192 1739 20
207 1696 397 1738 officium
429 1698 574 1752 capitis
607 1700 649 1739 in
671 1701 836 1755 aliquos
860 1702 1052 1755 istorum,
1095 1717 1192 1757 ergo
1225 1703 1267 1743 in
1290 1704 1407 1755 istos,
1431 1704 1529 1757 quia

206 1767 293 1820 pari
327 1768 540 1809 evidencia
572 1770 765 1811 diabolus
805 1772 912 1813 foret
955 1782 1081 1827 caput
1125 1773 1314 1814 eiusdem
1359 1773 1529 1814 ecclesie

209 1847 248 1878 et
278 1838 449 1879 haberet
481 1841 690 1894 quotlibet
723 1842 859 1896 capita
891 1852 979 1883 tam
1012 1845 1124 1884 bona
1157 1859 1288 1898 quam
1319 1845 1444 1886 mala.

147 1918 193 1950 10
266 1908 441 1949 Decimo
494 1919 534 1950 et
578 1911 728 1951 ultimo
772 1912 937 1953 videtur
984 1915 1127 1967 quoad
1170 1914 1445 1968 proprietates
1490 1923 1530 1955 et
1573 1913 1641 1942 The
1662 1914 1785 1943 Church

1542 1951 1647 1978 would
1681 1951 1745 1978 lose
1778 1952 1816 1979 all

206 1979 440 2020 accidencia
472 1982 642 2022 ecclesie
674 1984 790 2037 quod
821 1983 911 2037 ipsa
944 1998 1031 2024 non
1063 1984 1188 2025 habet
1210 1999 1332 2025 sexus
1355 1985 1526 2025 distinc-
1559 1985 1608 2012 the
1630 1986 1789 2013 attributes

115 2049 386 2102 1440cionem,
419 2050 715 2105 virginitatem,
749 2062 902 2094 etatem
933 2055 998 2094 vel
1020 2052 1043 2076 ³³*
1065 2055 1144 2095 alia
1175 2055 1413 2096 accidencia
1445 2070 1528 2110 que
1554 2021 1809 2090 ffssffigfigssssstflgss·

203 2118 305 2160 fides
338 2120 539 2175 scripture
572 2122 648 2162 sibi
687 2124 888 2179 attribuit,
924 2134 963 2166 et
994 2139 1068 2179 per
1099 2126 1225 2178 idem,
1272 2140 1360 2166 non
1403 2126 1529 2167 habet

203 2190 470 2244 privilegium
520 2193 585 2233 vel
638 2204 875 2247 peccatum,
928 2196 1178 2250 temporalia
1220 2197 1288 2237 vel
1339 2196 1528 2251 regulam

203 2260 380 2313 vivendi,
414 2276 512 2302 cum
551 2276 638 2303 non
682 2265 816 2319 magis
860 2267 1004 2307 tendat
1047 2267 1100 2307 ad
1146 2267 1353 2307 unitatem
1397 2281 1528 2322 quam

204 2331 391 2371 membra
434 2332 604 2384 diaboli,
650 2347 749 2374 cum
781 2335 822 2374 in
857 2335 936 2375 illis
981 2336 1033 2376 sit
1062 2351 1141 2389 pax
1172 2351 1304 2391 quam
1336 2336 1526 2378 Christus

149 2408 191 2440 30
204 2400 377 2441 Matthei
409 2402 483 2454 X0,
511 2402 577 2455 34,
602 2403 701 2445 dicit
732 2405 873 2445 venire
905 2406 1145 2449 dissolvere.
1172 2407 1272 2448 Istas
1303 2407 1525 2448 instancias

204 2470 382 2523 pueriles
415 2482 559 2512 contra
590 2474 831 2516 rudimenta
861 2475 957 2516 fidei
991 2486 1159 2530 oportet
1201 2477 1371 2518 fidelem
1419 2478 1525 2518 clare

205 2539 443 2595 dissolvere,
476 2543 576 2596 quia
606 2544 649 2584 in
664 2545 882 2599 principiis
906 2560 1097 2587 errorum
1113 2556 1283 2601 oportet
1307 2548 1526 2602 diligenter

204 2610 382 2664 obstare,
416 2626 514 2654 cum
546 2627 694 2655 eorum
724 2616 926 2657 admissio
958 2617 1128 2659 abducit
1158 2619 1202 2658 in
1235 2619 1420 2659 devium.

257 2745 286 2770 9.
306 2738 339 2766 In
360 2739 454 2767 codd.
475 2741 544 2766 50²⁹.
688 2748 730 2777 ¹9·
752 2740 794 2768 B:
815 2741 881 2777 ipse
901 2743 1055 2771 exercitet.
1200 2752 1244 2779 27.
1263 2746 1322 2779 Al:
1341 2744 1525 2780 temporale.

205 2780 244 2810 31.
263 2784 324 2819 Al:
350 2785 464 2820 pluries
485 2791 602 2815 contra.

266 2890 318 2923 33.
343 2892 396 2924 Ad
425 2903 499 2936 cap.
527 2894 568 2925 V.
595 2893 636 2926 cf.
664 2894 749 2934 Hus,
776 2895 827 2927 De
854 2896 937 2927 eccl.
965 2896 1012 2928 fol
1042 2894 1168 2929 205²&
