2045 3312
252 234 409 292 CAP.11.]
763 248 823 280 DE
852 248 1092 280 ECCLESIA.
1814 239 1858 277 31

96 364 128 396 Ε
156 364 337 396 132³·non
370 352 421 391 sit
454 352 575 391 unica
608 352 806 392 columba
839 352 1006 404 Christi,
1048 353 1145 406 quia
1185 354 1288 392 bene
1335 364 1394 393 est
1427 354 1506 402 isti,
1541 354 1572 394 si

250 409 312 462 sit*
334 422 543 462 abiectum
576 423 817 462 membrum
850 423 960 462 illius
994 422 1176 462 ecclesie.

308 491 596 532 Conformiter
638 493 826 546 arguitur
870 502 1015 533 contra
1075 506 1375 547 quamcunque
1435 493 1573 546 opini-

249 575 376 602 onem
408 561 450 601 111
483 562 560 602 ista
594 563 779 611 materia,
814 564 1030 617 querendo
1079 563 1255 603 sollicite
1289 563 1338 603 de
1372 563 1574 616 quiditate

215 631 358 675 §illius
391 633 575 672 ecclesie.
622 634 731 672 Nam
771 633 849 673 ista
894 633 1065 673 ecclesia
1113 647 1197 687 que
1246 633 1458 686 complete
1491 633 1575 672 viat

248 716 325 755 pro
360 711 551 755 tempore
585 702 739 743 Christi
784 717 871 743 non
904 712 1044 756 potest
1076 716 1164 742 esse
1206 702 1285 742 alia
1329 717 1456 757 quarn
1498 703 1573 743 ista

249 773 395 812 eadem
429 773 613 825 ecclesia,
660 782 699 813 et
743 773 800 813 sic
845 774 894 812 de
943 773 1129 826 qualibet
1172 773 1251 812 alia
1285 773 1458 813 ecclesia
1490 773 1572 813 sin—

247 843 394 896 gulari.
442 844 503 882 Ex
536 858 622 898 quo
655 852 770 896 patet
812 845 929 897 quod
971 844 1172 884 continue
1206 852 1265 883 est
1299 843 1377 883 alia
1411 853 1450 883 et
1494 844 1573 883 alia

155 920 233 955 1321’
248 913 432 963 ecclesia,
477 913 594 953 Vians
626 913 651 941 ³¹⁴
683 915 734 954 ad
777 914 987 954 alietatem
1026 928 1306 968 personarum
1339 928 1387 953 ex
1420 914 1573 968 quibus

193 983 539 1037 10C0111p0HltU1‘3
580 998 666 1024 non
700 984 813 1024 enim
851 985 961 1024 valet
999 998 1149 1038 negare
1189 984 1471 1037 sillogismum
1505 998 1572 1024 ex-

247 1053 503 1106 positorium
535 1068 611 1093 nec
645 1054 679 1094 ei
713 1054 909 1106 similem,
953 1054 1030 1093 nisi
1070 1055 1202 1095 subsit
1247 1055 1372 1108 plana
1405 1055 1571 1095 diversi·

246 1124 340 1164 tatis
374 1124 484 1164 racio
520 1125 791 1177 exprimenda
825 1134 902 1165 etc.

304 1195 401 1233 Ideo
435 1195 580 1234 dicunt
607 1196 799 1236 doctores
822 1196 1045 1249 periciores
1079 1196 1195 1249 quod
1226 1195 1426 1236 dominus
1460 1210 1568 1249 papa
1584 1201 1651 1242 Tim
1673 1203 1769 1230 benef
1789 1204 1858 1239 θυῖ-

247 1279 333 1304 11011
378 1274 438 1304 est
489 1275 614 1319 caput
664 1266 909 1306 universalis
958 1267 1029 1306 sed
1077 1266 1337 1319 particularis
1386 1239 1868 1317 66616516,111111161κ1111ἒῑ1ι111ὲ1

196 1336 349 1375 15dum
382 1345 523 1375 tamen
547 1346 856 1389 perseveranter
879 1337 1025 1376 vixerit
1057 1346 1277 1390 tamquam
1307 1351 1430 1390 papa,
1465 1318 1601 1376 sicuta
1630 1309 1705 1335 '⁰⁰³¹
1729 1310 1864 1336 mmm

246 1406 345 1446 dicit
368 1406 545 1459 septima
568 1407 783 1447 conclusio
808 1407 977 1460 capituli
1010 1407 1210 1461 proximi3
1245 1416 1285 1446 et
1317 1407 1373 1446 sic
1406 1406 1570 1446 videtur

246 1477 565 1516 concedendum
598 1478 714 1530 quod
747 1478 796 1516 de
830 1477 1017 1530 possibili
1051 1477 1102 1517 sit
1134 1492 1242 1531 papa
1265 1477 1358 1530 ipso
1382 1478 1573 1530 superior

246 1546 313 1586 hic
346 1547 387 1585 in
420 1546 549 1586 terris.

305 1618 449 1657 Posito
482 1619 598 1671 quod
632 1632 740 1658 unus
781 1618 885 1657 alius
918 1617 1148 1671 perfeccius
1193 1619 1342 1657 doceat
1387 1627 1426 1658 et
1459 1628 1570 1672 regat

189 1705 230 1726 20
247 1689 410 1741 plurem
443 1690 655 1742 populum
678 1689 951 1729 conformiter
983 1689 1062 1741 legi
1094 1688 1262 1740 Christi,
1297 1689 1402 1728 sicut
1433 1698 1572 1741 potest

247 1773 332 1798 esse
378 1760 427 1798 de
475 1773 647 1799 summo
701 1760 915 1799 sacerdote
969 1759 1138 1798 ecclesie
1183 1759 1352 1808 Asiane,
1407 1759 1573 1798 videtur

245 1838 386 1869 tamen
420 1829 523 1869 mihi
556 1830 671 1883 quod
705 1843 793 1869 non
827 1830 1029 1868 debemus
1063 1830 1315 1869 contendere
1340 1829 1445 1869 circa
1468 1829 1569 1869 illud

247 1901 297 1938 de
332 1900 479 1951 inesse,
526 1901 642 1953 quod
675 1900 749 1939 iste
783 1899 1026 1952 quicunque
1066 1913 1317 1939 conversans
1347 1899 1568 1938 nobiscum
1638 1914 1717 1942 Nom
1738 1916 1808 1943 mis.

245 1969 296 2008 sit
328 1969 433 2021 talis,
478 1970 549 2009 sed
593 1983 832 2023 supponere
873 1969 1165 2009 excellenciam
1200 1969 1381 2009 Romani
1426 1969 1566 2022 ponti-

189 2039 333 2078 25ficis
368 2053 492 2092 super
524 2039 613 2079 aliis
647 2039 779 2078 eciam
821 2040 961 2092 quoad
995 2040 1147 2090 Deum,
1182 2040 1279 2093 quia
1314 2048 1476 2079 certum
1509 2048 1570 2079 est

246 2110 362 2163 quod
385 2123 472 2149 non
496 2119 556 2150 est
578 2109 768 2163 superior
791 2109 869 2148 nisi
894 2109 1016 2148 fuerit
1039 2109 1231 2162 superior
1257 2110 1398 2162 quoad
1413 2110 1567 2149 Deum.

198 2184 229 2217 F
303 2181 363 2219 Ex
413 2180 565 2233 quibus
615 2181 780 2219 videtur
829 2179 933 2219 mihi
983 2181 1098 2233 quod
1150 2180 1292 2219 nullus
1349 2181 1569 2220 Romanus
1584 2196 1632 2223 No
1655 2205 1735 2232 pope
1751 2197 1860 2224 should

244 2249 432 2302 pontifex
472 2250 536 2289 cui
570 2264 657 2290 non
690 2250 741 2290 sit
773 2249 878 2290 facta
911 2250 1100 2303 specialis
1136 2250 1339 2289 revelacio
1373 2260 1570 2290 assereret
1584 2233 1861 2305 ῗῗέςῗὲῐοιξῇῑῗῗιῗιῖξ

244 2319 309 2359 vel
356 2320 599 2373 opinaretur
638 2321 753 2374 quod
798 2321 967 2359 subesse
1015 2319 1091 2359 sibi
1136 2319 1187 2360 sit
1231 2321 1280 2359 de
1326 2302 1861 2370 necessitateNncffviiiiiiiicisal-

213 2390 388 2432 lsalutis
421 2389 642 2430 cuiuslibet
675 2389 899 2430 christiani.
944 2391 1054 2429 Nam
1087 2387 1152 2445 (ut
1198 2389 1323 2443 logici
1367 2388 1568 2445 arguunt)

244 2460 367 2499 multi
391 2468 487 2499 sunt
509 2459 717 2499 christiani
754 2473 829 2513 pro
859 2474 937 2499 suo
968 2468 1159 2512 tempore
1183 2459 1254 2513 qui
1278 2473 1364 2499 non
1388 2460 1569 2499 subsunt

246 2529 335 2580 sibi,
375 2529 481 2569 sicut
521 2543 596 2569 nec
628 2530 810 2583 ipsemet
842 2529 914 2582 qui
948 2537 1008 2569 est
1040 2529 1263 2582 precipuus
1308 2529 1568 2569 christianus.

304 2640 334 2665 4.
348 2633 393 2659 A:
415 2631 575 2667 querendo
597 2631 767 2667 querendo.
854 2630 893 2658 13.
906 2630 967 2658 AB
985 2631 1014 2658 in
1031 2639 1135 2667 marg:
1158 2630 1379 2659 Conclusionis
1395 2632 1569 2666 responsio.

245 2680 272 2705 A
293 2678 322 2705 in
344 2686 449 2713 marg:
476 2677 556 2706 Nota
578 2679 614 2706 cle
635 2678 765 2705 subesse
785 2685 865 2712 pape
886 2683 917 2705 ut
938 2677 1049 2705 dicitur
1070 2679 1106 2705 de
1128 2678 1311 2706 necessitate
1331 2679 1437 2706 salutis
1460 2679 1570 2712 (above

246 2725 302 2751 col.
326 2725 388 2753 132b
407 2725 537 2752 without
557 2725 644 2752 mark
663 2725 698 2752 of
715 2725 892 2758 reference).
1054 2725 1095 2752 16.
1117 2724 1138 2751 Β
1159 2724 1283 2760 capituli
1305 2726 1375 2754 XXI
1403 2727 1471 2760 (pro
1486 2723 1569 2760 ςρῖἰ).

247 2779 290 2798 22.
310 2772 339 2798 A
358 2771 388 2798 in
409 2780 512 2806 marg:
534 2771 614 2799 Nota
634 2771 723 2798 bene.
858 2778 902 2797 22.
923 2770 962 2798 13:
985 2771 1066 2799 circa
1086 2772 1180 2799 idem.
1298 2779 1342 2805 27.
1364 2774 1391 2799 A
1412 2772 1441 2798 in
1466 2779 1568 2805 marg:

247 2817 303 2851 Ha,
326 2818 364 2844 lia
397 2819 424 2845 A
441 2818 461 2845 Β
482 2819 511 2845 111
534 2826 636 2852 marg:
658 2816 836 2845 Conclusio.

310 2890 359 2921 is».
388 2891 452 2921 See
479 2901 556 2932 pag.
589 2900 638 2933 19.
667 2891 686 2920 l.
720 2891 768 2921 18.
