2045 3312
155 266 232 307 ¹74
889 266 1114 299 JOHANNIS
1140 267 1336 300 wvcmr.
1560 254 1667 313 [CAP.
1678 266 1759 295 vni.

156 377 420 441 ngnghigpcshof
438 369 558 409 cartis
591 369 763 409 dimisso
796 370 951 411 officio.
1006 372 1121 411 Talis
1161 372 1273 412 enim
1312 373 1509 414 securitas
1543 373 1912 420 confuiidit152‹¹p

438 439 672 492 ecclesiam,
717 455 815 481 cum
862 442 953 481 telis
993 442 1232 495 sophisticis
1271 456 1397 496 super
1434 444 1762 497 equivocacione

438 523 521 563 que
553 519 614 550 est
646 511 850 564 ypocrisis
884 521 923 551 et
956 513 1241 564 mendacium,
1276 513 1468 553 diabolus
1502 523 1542 554 et
1574 515 1762 554 membra

438 593 512 619 sua
555 581 817 621 concludunt
861 581 1045 622 ecclesie.
1093 583 1200 632 Quis
1246 597 1378 637 queso
1424 598 1510 624 non
1555 585 1764 638 decipitur

438 650 563 690 hodie
607 651 648 690 in
696 651 935 691 adherendo
983 652 1088 705 parti
1135 653 1306 692 ecclesie
1350 654 1678 707 malignancium
1725 665 1795 699 et5

438 721 616 761 colendo
664 721 799 774 ipsam
845 731 891 761 ut
934 723 1176 762 membrum
1221 721 1414 763 ecclesie?
1448 724 1554 774 Quis
1594 725 1804 778 insupera

439 804 524 830 non
568 790 722 845 aspirat
764 792 815 831 ad
858 791 1014 832 fastum
1056 793 1182 833 seculi
1217 794 1280 834 vel
1314 794 1545 848 primatum
1577 796 1642 835 vel
1679 796 1761 849 pri-

439 862 653 915 vilegium,
694 875 792 901 cum
831 871 973 902 tamen
1007 863 1058 903 sit
1090 864 1405 905 sceleratissima
1438 866 1688 918 corruptela,
1722 866 1761 904 in

438 941 605 972 tantum
631 933 747 986 quod
783 946 880 985 sepe
915 933 1140 974 incidimus
1174 934 1215 973 in
1248 934 1352 974 illud
1384 950 1433 975 ve
1466 935 1762 989 propheticum

438 1003 561 1041 Ysaie
584 1003 655 1055 V0,
682 1013 755 1043 20:
801 1001 854 1042 Ve
887 1005 960 1056 qui
991 1003 1131 1044 dicitis
1154 1005 1309 1045 bonum
1345 1006 1507 1045 malum
1539 1014 1577 1046 et
1599 1006 1760 1046 malum
1784 1029 1821 1051 10

439 1072 611 1113 honum.
658 1074 813 1113 Nonne
859 1073 1083 1126 diligencia
1116 1085 1258 1116 nostra
1303 1076 1488 1116 ostendit
1520 1077 1635 1130 quod
1668 1078 1802 1130 plusb

438 1143 733 1196 appreciamus
757 1152 887 1183 cartas
911 1153 950 1183 et
972 1144 1188 1199 privilegia
1219 1146 1407 1186 humana
1430 1160 1560 1200 quam
1583 1147 1762 1200 scriptu-

438 1227 527 1253 ram
572 1228 731 1254 sacram
775 1223 814 1254 et
846 1214 1060 1268 privilegia
1092 1229 1174 1269 que
1211 1215 1403 1256 Christus
1444 1217 1529 1256 suis
1560 1214 1763 1257 instituit?

438 1285 493 1324 Et
525 1285 697 1325 indubie
731 1295 776 1326 ut
816 1285 872 1325 sic
906 1286 1095 1326 cadimus
1128 1301 1150 1326 a
1183 1287 1509 1341 quibuscunque
1541 1287 1648 1327 veris
1681 1288 1761 1340 pri-

437 1354 597 1409 vilegiis
642 1369 716 1409 per
757 1356 952 1406 abusum,
999 1356 1097 1410 quia
1141 1356 1256 1396 iuxta
1300 1357 1470 1397 beatum
1510 1357 1818 1411 Gregorium15

439 1424 498 1479 (et
530 1426 703 1480 ponitur
735 1426 777 1465 in
811 1426 985 1467 decretis
1017 1427 1107 1479 Xla,
1141 1441 1180 1481 q.
1217 1428 1283 1467 ΙΙΙ.
1329 1427 1638 1483 Privilegium)
1665 1430 1762 1481 pri-

438 1498 641 1552 vilegizmz
682 1498 804 1538 debet
842 1499 1037 1538 amittere
1082 1499 1156 1551 qui
1192 1510 1273 1538 sua
1308 1499 1503 1539 abutitur
1534 1505 1760 1552 potestate.

439 1567 553 1608 Cum
586 1582 683 1621 ergo
729 1582 857 1608 omne
889 1568 1143 1608 racionabile
1174 1569 1239 1608 vel
1272 1569 1371 1608 utile
1406 1568 1576 1608 ecclesie
1606 1568 1761 1610 Christi

439 1639 554 1691 prius
598 1639 648 1678 ab
696 1638 788 1691 ipso
833 1639 1079 1679 conceditur
1124 1648 1163 1679 et
1208 1639 1250 1678 in
1296 1648 1407 1679 carta
1438 1639 1503 1678 vel
1535 1639 1643 1679 libro
1683 1653 1761 1679 suo

438 1708 691 1760 inscribitur,
740 1718 854 1762 patet
898 1711 1015 1763 quod
1062 1709 1261 1749 scrutinio
1300 1709 1412 1749 illius
1444 1709 1536 1748 libri
1582 1719 1621 1749 et
1660 1723 1820 1751 con-20

439 1779 595 1819 dicioni
643 1779 719 1819 sub
764 1793 849 1833 qua
881 1779 1157 1833 privilegiavit
1201 1780 1404 1819 debemus
1450 1779 1588 1832 primo
1627 1788 1759 1820 atten-

439 1850 547 1890 dere.
602 1848 697 1889 Non
745 1850 859 1889 enim
911 1850 1121 1904 sequitur:
1168 1851 1300 1890 Datus
1346 1859 1588 1903 potentatus
1634 1850 1759 1889 seculi

440 1920 646 1960 concessit
688 1920 770 1959 hoc
811 1929 855 1960 ut
893 1920 1161 1974 privilegium
1194 1922 1288 1961 date
1322 1920 1505 1972 ecclesie,
1551 1934 1648 1973 ergo
1681 1920 1761 1960 hoc

440 2000 500 2030 est
543 1990 790 2030 rationabile
842 1991 926 2030 sive
958 2004 1120 2031 verum.
1179 1991 1275 2030 Ideo
1320 2000 1488 2044 oportet
1519 1992 1628 2031 ultra
1661 2005 1761 2031 con-

440 2060 675 2101 cessionem
715 2061 886 2101 scrutari
922 2061 1112 2115 regulam
1142 2075 1215 2115 per
1246 2075 1377 2114 quam
1410 2062 1522 2102 racio
1556 2061 1760 2115 privilegii
1780 2070 1818 2102 25

440 2131 587 2170 debeat
620 2131 806 2171 iudicari.

174 2211 201 2238 Α
224 2218 295 2250 case
315 2219 348 2237 as
368 2214 398 2237 to
499 2202 616 2253 Esto,
634 2201 823 2254 inquam,
840 2202 957 2254 quod
974 2202 1120 2242 Petrus
1143 2210 1386 2255 potentatus
1409 2202 1536 2242 seculi
1561 2202 1762 2241 concedat
1778 2208 1812 2249 Q

210 2246 368 2281 prwflege.
440 2270 709 2325 privilegium
732 2271 1114 2312 Westmonasterio
1149 2273 1225 2312 sub
1258 2272 1335 2312 hac
1360 2271 1495 2312 forma
1527 2273 1642 2325 quod
1675 2272 1761 2325 qui-

441 2354 608 2394 cunque
643 2341 1260 2396 quantumcunquemaleficus
1295 2342 1507 2382 intraverit
1539 2351 1655 2395 septa
1688 2356 1761 2381 sua

440 2410 608 2451 habebit
656 2411 971 2453 immunitatem
1015 2413 1326 2465 omnimodam,
1371 2413 1426 2453 sic
1469 2422 1610 2453 tamen
1646 2413 1762 2466 quod
1779 2419 1820 2451 30

440 2481 481 2520 in
516 2481 651 2534 prima
686 2483 958 2523 conclusione
990 2483 1031 2522 in
1066 2497 1147 2537 qua
1182 2493 1278 2536 post
1310 2483 1531 2523 introitum
1562 2497 1585 2522 a
1608 2496 1760 2535 prepo-

494 2626 513 2646 1.
535 2620 563 2646 A
584 2619 614 2646 in
630 2627 746 2654 marg.:
768 2619 949 2647 Conclusio.
1093 2629 1123 2654 «ι.
1145 2619 1297 2648 ecclesie?
1319 2619 1467 2648 Fortasse
1482 2619 1664 2654 legendum:
1686 2626 1761 2645 con-

440 2666 574 2694 fundunt
595 2666 770 2694 ecclesiam.
915 2666 942 2694 8.
965 2667 1004 2695 13:
1039 2666 1116 2695 Cum
1143 2672 1245 2695 tamen
1271 2666 1336 2695 scit.
1481 2666 1518 2694 15.
1540 2667 1566 2694 Α
1588 2665 1618 2693 in
1647 2672 1760 2699 marg:

441 2712 620 2740 Conclusio.
765 2721 811 2740 20.
846 2722 883 2740 21.
912 2714 943 2741 In
970 2715 1079 2742 codd:
1116 2714 1323 2742 Condicione.
1466 2721 1508 2741 22.
1534 2714 1562 2740 A
1583 2713 1612 2739 in
1647 2719 1761 2745 marga

442 2759 484 2786 Dc
506 2759 675 2795 privilegiis
696 2760 958 2787 monasteriorum
986 2766 1014 2788 et
1041 2761 1253 2788 ecclesiarum.
1292 2760 1406 2793 (ssciow
1438 2759 1496 2787 152d
1524 2759 1651 2786 without
1678 2757 1764 2785 mark

441 2805 476 2832 os
494 2806 676 2841 reference.)
820 2814 863 2841 27.
887 2808 913 2833 A
936 2807 965 2834 in
989 2816 1102 2842 marg:
1126 2807 1237 2835 Casus.

506 2901 553 2932 μ’).
582 2902 664 2933 Dec.
692 2912 760 2934 sec.
791 2913 883 2945 pars,
911 2913 1013 2934 causa
1041 2903 1097 2943 XI,
1128 2914 1161 2945 q.
1190 2903 1243 2943 III,
1271 2913 1303 2934 c.
1333 2903 1444 2934 LXIII.
