2045 3312
103 257 183 297 144
817 249 1041 283 JOHANNIS
1065 247 1261 281 WYCLIF.
1514 231 1619 290 [CAP.
1643 241 1710 269 vn.

389 359 526 399 altaris
575 358 619 397 in
668 357 940 398 tabernaculo
992 355 1170 405 domini,
1223 367 1311 392 non
1357 353 1551 392 obstante
1596 350 1863 405 quod148¹³B

389 430 430 469 in
464 428 645 469 exercitu
677 427 806 481 patris
840 426 903 467 sui
937 426 1070 465 David
1110 425 1204 479 plus
1237 423 1325 463 aliis
1358 421 1561 462 militibus
1593 421 1710 461 labo-

390 499 507 540 ravit.
529 498 662 540 Cuius
678 497 901 538 occisionis
925 497 1119 536 doctores
1133 494 1341 548 triplicem
1357 505 1529 533 causam
1543 491 1714 531 eliciunt

393 584 441 610 ex
472 569 688 624 scriptura.
722 567 881 618 Primo,
914 566 1013 620 quia
1058 565 1212 605 occidit
1256 565 1398 605 Abner
1441 573 1480 603 et
1527 566 1712 602 Amasan

391 651 584 694 tempore
616 638 728 694 pacis
762 652 809 677 ex
840 636 1016 690 vulpina
1047 634 1263 689 industria,
1298 644 1337 675 et
1368 644 1468 674 tunc
1501 647 1586 673 non
1610 646 1712 686 gau·
1731 631 1747 664 5

392 712 507 751 deret
538 708 807 750 immunitate
841 707 1011 747 ecclesie
1051 720 1100 746 ex
1131 706 1221 760 lege
1259 705 1343 744 iam
1387 703 1582 759 proximo
1615 702 1712 742 alle-

392 791 501 834 gata.
519 780 730 831 Secundo,
747 778 845 832 quia
869 776 1123 831 conspiravit
1140 790 1238 816 cum
1261 775 1427 815 Adonia
1451 784 1490 814 et
1514 773 1715 813 Abiathar

394 861 540 892 contra
572 864 725 905 regem.
762 850 813 889 Et
844 848 973 888 tercio
997 847 1207 901 precipue,
1241 846 1340 900 quia
1369 859 1438 885 rex
1466 844 1607 884 timuit
1638 843 1713 882 sibi

394 922 510 976 quod
541 921 643 961 Joab
677 927 888 974 superstes
920 918 961 957 in
994 931 1126 971 regno
1171 930 1319 971 pacem
1359 914 1509 969 populi
1552 922 1714 968 pertur—

396 993 523 1032 baret.
589 991 688 1031 Ideo
751 989 964 1030 subditur:
1035 988 1182 1029 David
1243 994 1385 1027 autem
1462 992 1500 1026 et
1566 984 1775 1025 seminixo

395 1064 488 1104 eius
527 1069 568 1102 et
611 1062 760 1102 domui
813 1067 850 1100 et
892 1067 1017 1100 trono
1052 1058 1189 1100 eiusss
1212 1059 1266 1098 sit
1304 1069 1400 1111 pax
1444 1058 1486 1097 in
1522 1052 1813 1096 eternum148⁶

399 1147 423 1173 a
458 1133 647 1173 domino.

121 1210 362 1274 {saffffifflffffig
454 1205 516 1243 Ex
549 1203 637 1244 istis
669 1202 798 1243 tercio
832 1201 889 1241 sic
934 1199 1125 1253 arguitur
1157 1212 1206 1238 ex
1237 1198 1328 1252 lege
1360 1196 1437 1236 Dei
1470 1209 1601 1250 quam
1630 1209 1718 1234 non

187 1267 298 1309 ‘i-ealm.
398 1285 458 1316 est
492 1275 550 1315 fas
583 1273 748 1314 homini
781 1273 1030 1327 inpugnare,
1062 1270 1158 1310 licet
1195 1269 1355 1308 nedum
1399 1267 1449 1306 de
1493 1265 1612 1306 altari
1644 1264 1721 1305 Dei

398 1355 570 1400 propter
620 1344 818 1385 timorem
862 1340 1195 1396 perturbacionis
1238 1337 1355 1391 regni
1400 1336 1626 1391 fugitivum
1669 1332 1777 1374 ad¹5

398 1416 679 1457 occidendum
711 1414 936 1465 extrahere,
970 1413 1042 1452 sed
1085 1411 1241 1451 ibidem
1287 1423 1385 1449 eum
1429 1407 1630 1458 occidere,
1675 1415 1722 1446 ut

397 1496 511 1541 patet
543 1500 591 1526 ex
624 1484 762 1537 dictis;
796 1485 869 1525 sed
900 1482 1115 1523 infinitum
1153 1481 1295 1521 minus
1343 1487 1450 1520 esset
1496 1477 1721 1531 fugitivum

398 1558 561 1597 salvum
604 1556 645 1595 in
691 1555 774 1595 vita
822 1563 860 1594 et
905 1552 1106 1593 membris
1151 1550 1381 1602 extrahere;
1428 1562 1540 1602 ergo,
1585 1547 1722 1601 posita

398 1626 637 1667 vehementi
671 1625 910 1679 suspicione
932 1623 1039 1675 regis
1063 1631 1102 1662 et
1125 1622 1187 1662 sui
1218 1621 1380 1662 consilii
1403 1621 1453 1660 de
1476 1619 1721 1674 prodicione

399 1698 464 1737 vel
497 1695 817 1750 perturbacione
841 1694 955 1748 regni
979 1707 1053 1747 per
1084 1694 1184 1733 tales
1208 1691 1406 1746 fugitivos
1441 1690 1593 1742 futura,
1629 1689 1723 1729 licet
1740 1693 1781 1714 20

401 1781 472 1807 eos
505 1766 741 1806 secundum
774 1764 956 1805 formam
987 1763 1221 1817 predictam
1254 1761 1464 1802 extrahere
1499 1769 1538 1801 et
1568 1759 1610 1799 in
1634 1767 1724 1800 tuta

402 1837 592 1878 custodia
626 1849 883 1876 conservare.

111 1922 388 1992 dffdtghrffir‘ivssiid,
461 1920 546 1960 Nec
569 1918 677 1958 valet
692 1918 825 1958 dicere
849 1917 964 1971 quod
981 1916 1046 1956 lex
1069 1915 1243 1970 antiqua
1258 1927 1345 1954 non
1360 1913 1516 1968 obligat
1531 1912 1725 1953 homines

126 1993 375 2064 Oarugllssgffijsfonr?
402 1989 505 2044 legis
538 2004 660 2040 nove,
694 1998 787 2028 tum
829 1987 927 2042 quia
959 2000 1086 2041 super
1115 1987 1194 2026 ista
1236 1986 1326 2039 lege
1372 1984 1500 2024 veteri
1546 1983 1726 2024 fundant

205 2063 307 2091 times.
403 2062 514 2113 leges
549 2059 720 2100 ecclesie
751 2059 841 2099 iura
874 2072 962 2110 sua,
997 2066 1043 2097 ut
1074 2065 1188 2110 patet
1219 2056 1270 2095 de
1303 2063 1502 2109 quattuor
1534 2052 1606 2107 qui
1638 2065 1725 2092 non
1743 2045 1781 2078 25

403 2131 649 2185 gaudebunt
679 2128 950 2168 immunitate
973 2128 1157 2179 ecclesie,
1181 2140 1268 2167 non
1290 2125 1386 2165 licet
1402 2138 1500 2178 ergo
1517 2124 1728 2163 destruere

404 2202 612 2256 principia
642 2200 744 2255 legis
785 2199 969 2251 ecclesie,
1018 2207 1111 2239 tum
1155 2197 1255 2251 quia
1299 2195 1488 2250 arguitur
1534 2207 1582 2233 ex
1626 2191 1728 2245 legis

405 2272 545 2312 divine
590 2271 753 2311 iusticia
797 2283 869 2324 per
907 2270 1053 2310 locum
1092 2282 1115 2307 a
1152 2267 1302 2308 maiori
1349 2265 1443 2306 facti
1489 2262 1620 2304 nostri
1664 2262 1727 2301 iu-

406 2343 534 2394 sticia,
568 2351 662 2382 tum
687 2340 819 2380 eciam
843 2339 942 2394 quia
967 2349 1067 2379 tunc
1090 2352 1177 2378 non
1198 2338 1432 2400 pemaneret
1455 2334 1575 2374 nobis
1600 2332 1728 2373 eccle-

407 2412 581 2453 siasticis
614 2411 763 2452 titulus
797 2410 979 2450 decimas
1011 2407 1273 2459 vendicandi,
1307 2421 1406 2447 cum
1441 2418 1528 2445 non
1561 2418 1608 2444 ex
1640 2403 1731 2456 lege
1746 2406 1788 2439 30

408 2497 518 2523 nova
549 2482 620 2522 sed
652 2480 779 2522 veteri
811 2480 1070 2522 autorizatur
1107 2478 1231 2519 nobis
1263 2476 1424 2517 solucio
1457 2474 1730 2515 decimarum,

460 2641 491 2667 4.
530 2630 572 2658 D:
618 2629 731 2658 Prima.
874 2628 914 2657 13.
953 2628 1001 2656 D:
1033 2628 1078 2656 Ex
1105 2627 1173 2656 istis
1202 2627 1312 2655 tribus.
1345 2626 1374 2654 A
1411 2625 1441 2653 in
1474 2631 1589 2659 marga
1628 2620 1733 2649 Prima

409 2679 586 2714 responsio.
732 2676 774 2704 16.
795 2676 817 2703 B
841 2676 872 2704 in
894 2684 1009 2711 marg-t
1031 2675 1114 2703 iubet
1139 2675 1293 2702 occidere.
1440 2670 1483 2699 23.
1511 2672 1538 2699 A
1558 2670 1588 2697 in
1611 2675 1727 2702 marg:

409 2725 546 2754 Ficticia.
691 2723 739 2751 26.
761 2723 802 2750 D:
834 2723 886 2759 qui
907 2730 991 2750 nunc
1013 2722 1203 2757 gaudebunt.
1347 2721 1391 2747 20.
1416 2727 1462 2754 27.
1492 2717 1534 2744 B:
1563 2716 1734 2744 distrahere

411 2772 574 2809 principia.
719 2771 766 2798 28.
789 2770 826 2798 B:
849 2769 923 2798 sacti
942 2773 975 2797 ut
995 2768 1104 2797 nostri.
1247 2776 1294 2805 29.
1316 2767 1361 2795 30.
1384 2766 1429 2793 D:
1451 2762 1689 2793 ecclesiasticus.

478 2902 529 2924 ιο.
558 2891 612 2932 ΙΙΙ,
639 2891 726 2934 Reg.
753 2890 792 2931 ΙΙ,
821 2890 874 2922 33.
