2045 3312
130 272 182 322 54
859 276 1083 310 JOHANNIS
1110 277 1308 309 WYCLlF.
1561 260 1667 320 [cAp.
1683 272 1737 301 111.

418 385 719 439 defendendis,
745 385 847 437 quia
872 383 947 423 illa
973 396 1056 423 non
1087 389 1213 435 rapta
1238 383 1470 423 morientes
1494 383 1746 433 amittimuS,
1768 394 1843 428 135⁰
1867 394 1900 428 F

417 470 513 496 cum
548 454 636 496 illis
678 468 778 496 vero
812 461 852 494 et
884 467 1000 493 nunc
1033 452 1298 494 condicionis
1330 453 1497 505 ordine,
1544 454 1622 494 etsi
1654 466 1745 493 cor-

416 527 506 580 rigi
536 525 751 573 studeant,
769 530 870 577 post
886 524 1222 577 percepcionem
1243 522 1404 576 finalis
1428 525 1592 576 premii
1615 537 1747 563 unum

414 610 580 637 sumus.
641 596 745 644 Quis
788 601 929 634 autem
970 594 1148 645 nesciat,
1185 594 1286 646 quia
1320 593 1462 633 minus
1501 607 1551 634 ea
1594 594 1747 647 quibus

149 677 212 705 mat
233 686 279 704 wc
300 681 382 715 must
419 668 583 707 utimur
615 672 654 706 et
678 666 784 718 plus
811 663 1013 705 debemus
1042 676 1191 703 amare
1218 663 1331 716 quod
1351 664 1535 703 sumus?
1569 664 1613 703 Si
1640 677 1748 718 ergo
1767 675 1783 708 5

126 712 499 790 {ieri—³03¹iiii‘e’lsssss'i‘}pro
531 748 610 777 sua
643 736 822 775 utilitate
854 733 1103 786 raptoribus
1135 734 1368 786 loquimur,
1402 734 1486 773 iam
1519 747 1604 774 non
1629 735 1750 775 nobis

150 785 182 810 ⁰1
202 783 381 852 ‘iigei⁷;¹‘⁰¹¹g
420 820 501 861 que
534 806 810 859 temporalia,
843 804 921 844 sed
953 804 1088 843 eciam
1116 803 1204 843 illis
1229 816 1308 856 que
1341 809 1443 842 sunt
1475 810 1625 844 eterna
1659 807 1748 846 vin-

419 878 628 918 dicamus.
682 876 777 925 Qua
812 876 854 915 in
889 888 935 915 re
969 873 1077 914 illud
1122 881 1182 914 est
1224 873 1436 913 solercius
1476 875 1748 926 intuendum,

420 961 472 988 ne
498 960 582 1002 per
615 946 883 987 necessitatis
917 951 1075 984 metum
1111 943 1323 996 cupiditas
1363 951 1569 998 surrepat
1600 959 1747 986 rerum

420 1024 458 1058 et
508 1018 599 1072 {elo
643 1028 853 1057 succensa
899 1014 1162 1068 prolzibicio,
1209 1014 1369 1067 impetu
1414 1015 1809 1058 immoderanciexo

421 1088 630 1137 distensa,
672 1100 805 1140 usque
846 1086 904 1126 ad
937 1085 1080 1125 odiose
1115 1085 1427 1137 turpitudinem
1461 1087 1749 1127 contencionis

421 1164 634 1211 erumpat.
672 1158 875 1210 Dumque
900 1169 986 1209 pro
1015 1163 1193 1196 terrena
1226 1169 1274 1195 re
1300 1168 1397 1208 pax
1430 1169 1456 1195 a
1489 1157 1617 1197 corde
1651 1170 1748 1197 cum

412 1229 622 1281 proximo
667 1227 895 1276 scinditur,
946 1225 1107 1280 liquido
1153 1232 1338 1279 apparet
1384 1226 1499 1279 quod
1537 1227 1642 1280 plus
1681 1240 1751 1267 res

420 1312 548 1352 quam
589 1299 819 1351 proximus
859 1304 1047 1337 amatur.
1096 1296 1139 1336 Si
1181 1297 1290 1336 enim
1332 1298 1530 1337 caritatis
1582 1299 1750 1338 viscera

148 1379 395 1442 iiiiiiesciiiiseeiiiees
423 1370 556 1408 eciam
574 1370 691 1409 circa
715 1375 934 1421 raptorem
953 1368 1208 1421 proximum
1236 1380 1318 1406 non
1343 1367 1562 1416 habemus,
1589 1376 1752 1408 nosmet
1772 1379 1808 1411 15

131 1458 218 1478 more
240 1449 311 1477 man
332 1448 407 1477 him.
423 1439 537 1492 ipsos
583 1440 713 1491 peius
759 1440 852 1491 ipso
900 1444 1077 1490 raptore
1121 1438 1429 1490 persequimur
1479 1439 1750 1492 graviusque

424 1522 500 1549 nos
532 1522 661 1563 quam
696 1509 808 1549 alter
833 1514 1010 1561 poterat
1032 1508 1324 1559 devastamus,
1365 1508 1464 1561 quia
1499 1508 1751 1549 dileccionis

421 1580 577 1619 bonum
610 1585 761 1632 sponte
795 1579 1039 1619 deserentes
1071 1591 1097 1617 a
1131 1579 1253 1618 nobis
1286 1578 1391 1631 ipsis
1414 1579 1529 1618 intus
1553 1586 1615 1618 est
1637 1579 1752 1632 quod

423 1651 669 1697 amittimus,
689 1650 762 1702 qui
783 1649 836 1688 ab
858 1649 931 1688 illo
955 1649 1048 1688 sola
1072 1650 1294 1689 exteriora
1310 1648 1646 1702 perdessbamus.
1667 1648 1752 1689 Sed
1771 1658 1850 1693 135d

422 1720 534 1759 lianc
557 1719 770 1772 ypocrita
798 1718 999 1772 formam
1040 1719 1236 1758 caritatis
1274 1719 1462 1772 ignorat,
1512 1719 1614 1772 quia
1646 1719 1751 1771 plus
1768 1741 1810 1764 20

424 1796 599 1829 terrena
622 1802 750 1841 quam
778 1789 951 1828 celestia
978 1788 1168 1841 diligens
1191 1795 1343 1828 contra
1372 1801 1468 1828 eum
1495 1790 1567 1842 qui
1588 1795 1749 1842 tempo-

425 1860 539 1900 ralia
573 1859 724 1911 diripit
755 1872 848 1899 sese
873 1860 915 1899 in
955 1859 1114 1898 intimis
1148 1860 1330 1898 immani
1362 1859 1461 1898 odio
1495 1859 1750 1911 inflammat.

484 1929 712 1969 Sciendum
753 1941 853 1968 vero
893 1935 955 1968 est
991 1928 1106 1981 quod
1137 1935 1237 1968 sunt
1269 1929 1469 1969 nonnulli
1500 1942 1606 1982 quos
1638 1931 1751 1971 cari-

422 2001 523 2040 tatis
545 2000 716 2054 gremio
740 1999 936 2038 nutriens
960 2005 1100 2038 mater
1122 1999 1302 2039 ecclesia
1324 1999 1498 2051 tolerat,
1532 2013 1752 2054 quousque
1768 2011 1805 2045 G

423 2070 481 2110 ad
517 2070 759 2122 spiritualis
803 2071 928 2110 etatis
963 2071 1231 2109 incrementa
1262 2069 1498 2122 perducat,
1543 2071 1617 2122 qui
1649 2084 1752 2111 non-
1771 2082 1809 2114 25

425 2154 646 2194 nunquam
680 2147 720 2180 et
750 2141 990 2180 sanctitatis
1013 2140 1202 2180 habitum
1239 2146 1381 2180 tenent
1403 2146 1442 2179 et
1457 2140 1755 2194 perfeccionis

426 2212 626 2251 meritum
661 2211 816 2263 exequi
849 2223 931 2250 non
966 2211 1121 2250 valent.
1156 2210 1223 2250 Ad
1256 2210 1369 2250 dona
1405 2223 1590 2264 namque
1624 2212 1752 2264 spiri—

425 2282 561 2320 tualia
596 2281 771 2320 minime
805 2287 1048 2334 assurgunt
1079 2280 1306 2321 etidcirco
1341 2282 1420 2320 lziis
1452 2282 1524 2334 qui
1549 2281 1628 2320 sibi
1653 2294 1751 2321 con-

426 2352 561 2391 iuncti
602 2358 700 2390 sunt
740 2351 797 2390 ad
828 2351 988 2390 tuenda
1022 2364 1071 2390 ea
1107 2364 1187 2403 que
1220 2358 1396 2390 terrena
1428 2358 1528 2391 sunt
1557 2352 1753 2391 serviunt

426 2429 465 2462 et
488 2435 798 2474 nonnunquam
818 2423 858 2461 in
883 2421 1149 2475 defensionis
1173 2421 1361 2461 eiusdem
1383 2421 1613 2461 iracundia
1632 2435 1751 2461 exce·
1772 2432 1812 2464 30

427 2491 544 2531 dunt.
578 2492 632 2531 Et
665 2492 767 2531 istos
802 2491 976 2531 nomine
1008 2491 1228 2544 religiosos
1263 2492 1443 2531 declarat
1474 2491 1550 2532 iste
1584 2501 1752 2532 sanctus

427 2575 535 2614 papa
580 2561 735 2601 involvi
771 2562 925 2614 duplici
959 2561 1137 2613 malicia,
1178 2561 1317 2614 primo
1356 2561 1454 2615 quia
1492 2562 1651 2601 nedum
1688 2562 1750 2601 in-

427 2631 625 2672 firmitate
663 2633 735 2670 sed
767 2631 943 2671 sciencia
983 2640 1127 2671 contra
1161 2631 1470 2671 conscienciam
1503 2645 1624 2671 suam
1655 2645 1793 2685 pec-a

430 2711 536 2753 cant,
570 2703 755 2742 secundo
787 2701 886 2755 quia
908 2701 1108 2754 fingendo
1132 2701 1396 2742 sanctitatem
1422 2701 1463 2740 in
1487 2700 1752 2742 defendendo

489 2845 530 2865 io.
547 2836 666 2865 Codd.:
682 2846 738 2873 pro
755 2838 875 2873 liabi103
896 2837 966 2865 vide
988 2838 1119 2874 Gregor.
1133 2838 1184 2865 ubi
1207 2846 1300 2874 supra
1321 2846 1485 2873 pag.1oo7.
1506 2838 1583 2865 AB:
1605 2838 1635 2866 in
1657 2838 1751 2867 inani.

431 2893 463 2911 11.
487 2884 605 2912 Codd.:
628 2883 828 2919 turpitudinis
849 2885 1100 2912 contencionem.
1152 2892 1194 2912 22.
1217 2886 1260 2912 A:
1283 2883 1486 2912 inflammant.
1525 2892 1569 2920 27.
1585 2884 1618 2912 ln
1640 2884 1749 2913 codd.:

432 2933 521 2959 bona.
597 2931 639 2959 32.
661 2932 688 2958 A
703 2931 722 2956 n
743 2931 770 2957 in
791 2939 904 2964 marga
928 2931 1113 2966 (jonclusi03
1137 2931 1174 2959 13:
1197 2931 1298 2967 primo
1320 2930 1444 2959 nedum.
