2045 3312
130 295 148 320 ³
161 295 187 321 0
866 287 1091 321 JOHANNIS
1119 287 1316 320 WYCLIF.
1570 271 1676 331 [CAP.
1691 283 1742 311 ιη.

416 395 605 449 loquitur
636 394 712 434 iste
745 403 933 435 sanctus:
960 395 1202 447 postposita
1225 394 1380 446 quippe
1415 404 1522 431 cura
1542 391 1743 444 filiorum
1767 402 1844 435 135⁵
1864 402 1895 435 Ο

417 477 516 517 sepe
548 478 619 505 eos
650 465 796 506 videas
839 478 884 505 se
929 471 1080 504 contra
1106 463 1308 517 pericula
1353 464 1551 502 immensi
1585 460 1746 501 laboris

417 535 663 589 accingere,
698 536 838 574 maria
874 541 1157 585 transmeare,
1198 534 1322 573 adire
1354 533 1527 584 iudicia,
1563 532 1748 585 pulsare

410 606 896 658 principatus,palacia
912 605 1173 657 irrumpere,
1191 603 1470 657 iurgantibus
1480 602 1746 656 populorum

418 676 566 715 cuneis
598 676 818 715 interesse.
854 674 967 714 Cum
999 682 1141 714 autem
1173 687 1248 726 pro
1288 672 1570 726 spiritualibus
1602 671 1745 725 acqui·
1765 683 1780 714 5

419 746 558 786 rendis
591 759 677 785 non
707 754 930 798 apponunt
959 753 1122 785 tantam
1153 742 1435 795 diligenciam,
1469 743 1561 797 quis
1585 742 1748 782 dubitat

424 816 525 869 quin
558 815 637 855 ista
669 816 918 868 temporalia
950 815 1082 867 magis
1116 809 1284 853 amant?

129 910 168 945 by
188 915 257 935 care
278 912 309 935 to
330 908 406 942 keep
480 887 533 925 Et
565 895 775 939 quantum
808 887 857 925 ad
892 885 1192 935 retencionem,
1226 892 1340 936 patet
1368 883 1480 922 idem
1508 896 1556 922 ex
1579 881 1786 926 maiori-b

245 943 283 976 ῆς
421 964 504 995 tate
519 955 742 1010 diligencie
765 970 895 1009 quan]
917 955 1175 1009 apponimus
1196 968 1270 1007 pro
1292 953 1597 1006 temporalibus
1620 966 1748 1005 quam

420 1039 496 1078 pro
519 1025 802 1078 spiritualibus
826 1025 1335 1077 defendfflidisjpocrita,
1352 1023 1490 1077 inquit
1505 1022 1746 1076 Gregorius,
1771 1044 1807 1065 10

422 1102 642 1149 assumpto
674 1102 823 1135 sancte
854 1095 1206 1137 conversacionis
1228 1093 1587 1147 liabitufiliorum
1611 1100 1748 1133 custo-

420 1166 534 1205 diam
567 1165 725 1206 deserit
757 1172 797 1205 et
829 1166 1085 1219 temporalia
1131 1178 1293 1218 queque
1337 1164 1572 1218 defendere
1617 1164 1748 1203 eciam

423 1237 581 1290 iurgiis
619 1237 770 1290 querit.
815 1237 1030 1289 Exemplo
1077 1249 1155 1275 suo
1200 1248 1347 1276 eorum
1394 1234 1526 1274 corda
1563 1234 1751 1286 perdere

424 1319 507 1346 non
543 1306 725 1360 trepidat
749 1313 788 1346 et
811 1308 938 1360 quasi
952 1320 1037 1360 per
1060 1306 1376 1360 negligenciam
1401 1305 1597 1343 amittere
1611 1305 1750 1356 patri-

423 1378 567 1416 monia
591 1377 1007 1432 terrenaformidat.
1037 1377 1088 1416 In
1114 1389 1306 1416 errorem
1331 1374 1570 1427 discipulus
1595 1374 1752 1414 labitur
1772 1385 1807 1416 15

424 1454 464 1486 et
495 1453 634 1486 tamen
676 1460 751 1486 cor
782 1449 994 1502 ypocrite
1037 1447 1156 1487 nullo
1202 1446 1351 1486 dolore
1394 1446 1632 1485 sauciatur.
1679 1443 1753 1483 Ire

426 1518 466 1556 in
501 1518 737 1571 iniquitatis
769 1520 1021 1573 voraginem
1056 1518 1311 1558 commissos
1356 1516 1436 1556 sihi
1480 1515 1685 1567 conspicit
1715 1520 1754 1554 et

425 1588 500 1627 hee
534 1589 659 1640 quasi
689 1588 882 1628 inaudita
906 1589 1173 1641 pertransit;
1205 1594 1248 1627 at
1279 1587 1316 1627 si
1347 1586 1460 1640 quod
1490 1585 1573 1626 sibi
1607 1585 1755 1625 leviter

426 1657 585 1711 inferri
608 1658 842 1710 temporale
865 1659 1101 1711 dampnum
1134 1658 1332 1705 senserit,
1366 1657 1407 1696 in
1431 1656 1612 1696 ulcionis
1639 1656 1750 1694 iram

427 1735 600 1780 repente
652 1728 704 1767 ab
758 1730 916 1769 intimis
968 1729 1214 1768 inardescit.
1274 1728 1330 1766 Et
1381 1740 1483 1766 mox
1526 1726 1754 1778 paciencia
1772 1744 1812 1766 20

427 1799 663 1850 rumpitur,
712 1813 813 1838 mox
857 1799 983 1839 dolor
1015 1799 1161 1839 cordis
1205 1800 1246 1837 in
1296 1797 1467 1837 vocibus
1501 1796 1753 1850 effrenatur,

429 1870 530 1921 quia
574 1867 674 1908 dum
720 1871 968 1910 animarum
1015 1869 1206 1922 dampna
1252 1868 1537 1920 equanimiter
1569 1866 1754 1913 tollerat,

428 1940 642 1978 iacturam
690 1952 789 1978 vero
835 1954 981 1980 rerum
1017 1939 1321 1992 temporalium
1368 1937 1577 1990 repellere
1621 1937 1754 1975 eciam

430 2022 525 2048 cum
560 2009 742 2061 spiritus
774 2011 1066 2050 commocione
1087 2009 1292 2063 festinat,
1342 2008 1509 2047 cunctis
1543 2007 1757 2047 veraciter

430 2079 596 2118 indicat
639 2085 739 2120 teste
785 2082 937 2120 mentis
975 2079 1319 2133 perturbacione
1367 2077 1470 2130 quid
1513 2083 1642 2117 amat.
1691 2076 1812 2117 Ibi25

430 2150 586 2201 quippe
619 2158 678 2190 est
712 2152 886 2205 grande
908 2150 1093 2190 studium
1117 2148 1401 2203 defensionis,
1437 2147 1509 2187 ubi
1535 2153 1596 2186 est
1616 2159 1755 2200 gran—

432 2224 530 2264 dior
565 2224 629 2264 vis
661 2221 838 2262 amoris.

139 2314 179 2350 by
205 2311 286 2348 grief
308 2310 419 2338 forits
492 2296 545 2334 Et
585 2294 726 2348 quoad
760 2291 1033 2332 amissionem
1069 2292 1283 2329 bonorum
1321 2287 1520 2338 hominis,
1553 2296 1614 2326 est
1646 2286 1792 2327 idemo
1817 2294 1852 2328 D

244 2348 317 2374 '⁰55'
434 2365 655 2415 indicium,
690 2364 787 2418 quia
819 2362 993 2402 indubie
1026 2361 1269 2415 quicunque
1301 2360 1395 2412 plus
1423 2359 1535 2398 dolet
1557 2358 1607 2396 de
1630 2357 1754 2396 amis-

431 2435 547 2474 sione
582 2434 681 2474 boni
716 2434 881 2473 fortune
915 2446 1043 2486 quam
1077 2430 1176 2469 boni
1210 2429 1388 2481 virtutis,
1421 2436 1467 2468 ut
1499 2427 1569 2478 sic,
1602 2425 1757 2464 indicat
1772 2435 1814 2468 30

432 2519 473 2544 se
520 2506 613 2557 plus
654 2504 822 2557 diligere
866 2501 1114 2555 temporalia
1158 2514 1289 2554 quam
1328 2499 1516 2548 virtutes,
1564 2509 1662 2536 cum
1705 2494 1757 2534 sit

433 2575 619 2614 maxima
651 2574 765 2627 apud
797 2572 1074 2627 philosophos
1108 2571 1222 2624 quod
1255 2570 1376 2609 dolor
1394 2567 1533 2608 amissi
1568 2575 1607 2606 et
1639 2578 1758 2604 amor

491 2731 533 2750 ιο.
556 2722 617 2750 ΑΒ
639 2722 669 2749 in
693 2730 809 2757 marg.:
831 2720 1014 2755 Gregorius.
1088 2720 1130 2747 16.
1154 2727 1193 2755 ¹7·
1217 2718 1255 2745 13:
1278 2718 1321 2746 rei
1341 2717 1383 2745 in.
1470 2714 1510 2742 18.
1532 2716 1628 2749 AA,:
1650 2718 1678 2741 at
1698 2713 1757 2740 sibi

433 2770 517 2806 quid.
539 2769 578 2796 13:
601 2773 630 2796 at
651 2769 674 2795 si
696 2768 769 2804 quid
791 2768 861 2795 sibi.
1006 2768 1050 2793 28.
1075 2767 1099 2793 Α
1123 2766 1151 2793 in
1175 2774 1290 2800 marga
1313 2763 1452 2792 Amissio
1472 2761 1690 2797 temporalium
1713 2764 1757 2786 est

433 2816 536 2843 minus
557 2814 691 2842 dolenda
712 2822 805 2850 quam
827 2814 954 2841 amissio
975 2812 1104 2841 virtutis.

497 2946 522 2966 ῐ.
551 2933 740 2975 Gregorius
767 2933 789 2964 l.
817 2943 844 2964 c.
949 2943 997 2963 ιο.
1025 2933 1044 2963 1.
1073 2942 1100 2963 c.
1128 2942 1201 2974 cap.
1227 2931 1315 2962 XIII.
