2045 3312
150 262 232 301 500
883 272 1107 305 JOHANNIS
1133 271 1330 304 WYCLIF.
1551 258 1659 317 [CAP.
1680 268 1761 297 xxi.

439 377 714 417 describendo
758 377 970 417 clericum.
1025 377 1277 417 Ostenditur
1315 385 1458 417 autem
1496 376 1598 417 illud
1640 385 1914 430 nlen-197bH

440 448 610 488 dacium
644 461 692 487 ex
722 447 893 488 veritate
926 447 1130 500 scripture
1163 448 1401 487 doctorum.

193 525 249 552 ssut
272 525 375 552 Bona·
500 518 652 567 Querit
688 527 830 559 autem
870 518 1008 572 primo
1047 527 1192 558 utrum
1229 517 1271 556 in
1312 516 1511 557 omnibus
1543 517 1762 557 ordinibus

160 565 420 623 ἶῗκῖἕυῖἒηῖἷὲἶῗές
439 597 619 628 caracter
641 588 897 642 imprimitur
921 598 973 640 et,
997 588 1219 642 probando
1242 588 1359 642 quod
1383 587 1452 639 sic,
1482 601 1555 641 per
1576 588 1759 641 quadru-

172 632 404 701 ,ΠιδοἯῗὲζῗζ-,ῃὸ
438 659 534 711 plex
555 668 859 711 argumentum
880 658 1026 699 recitat
1050 659 1154 699 duas
1177 658 1401 712 opiniones
1424 671 1529 712 quas
1545 659 1760 711 reprobat3
1779 667 1795 699 5

438 742 618 782 quarum
663 729 800 782 prima
845 729 944 769 dicit
990 730 1107 783 quod
1151 735 1348 769 caracter
1391 729 1432 768 in
1475 730 1567 768 solo
1612 728 1793 769 ordinet

435 799 694 839 sacerdotali
715 800 991 852 imprimitur,
1007 800 1049 839 in
1072 799 1292 839 ordinibus
1315 806 1459 839 autem
1483 799 1760 853 inferioribus

434 870 575 909 solum
593 870 653 924 fit
684 870 908 923 disposicio
946 869 1004 909 ad
1033 869 1344 910 sacerdotalem
1378 876 1655 918 caracterem,
1689 869 1760 908 sed

434 939 515 979 hoc
555 939 654 979 dicit
693 954 780 980 esse
823 940 990 980 falsum.
1045 940 1158 981 Cum
1202 941 1243 980 in
1277 940 1496 980 ordinibus
1528 941 1665 980 sacris
1698 941 1759 979 in-

421 1009 668 1063 ferioribus
676 1010 767 1064 fiat
786 1011 1041 1065 segregacio
1057 1017 1269 1064 perpetua
1293 1011 1549 1050 clericorum
1564 1024 1589 1049 a
1608 1010 1758 1063 laycis,
1780 1028 1819 1050 xo

434 1079 531 1120 ideo
572 1080 846 1121 manifestum
879 1090 940 1122 est
972 1082 1089 1135 quod
1120 1081 1324 1121 limitacio
1359 1080 1400 1120 in
1439 1080 1518 1120 illis
1542 1080 1760 1121 ordinibus

439 1160 499 1191 est
520 1151 587 1191 vel
608 1152 782 1206 requirit
805 1151 1038 1192 clericalem
1062 1160 1324 1191 caracterem.
1355 1151 1550 1191 Secunda
1573 1150 1760 1204 opinioss
1780 1162 1857 1203 197·
1887 1159 1913 1192 2

436 1235 565 1275 quam
598 1222 794 1275 reprobat
827 1232 887 1262 est
909 1223 1026 1276 quod
1049 1229 1245 1262 caracter
1267 1222 1529 1274 imprimitur
1560 1222 1601 1260 in
1625 1221 1759 1261 omni-

435 1292 513 1331 bus
545 1292 765 1332 ordinibus
797 1293 950 1342 sacris,
993 1292 1069 1333 sed
1113 1306 1195 1332 non
1241 1293 1282 1331 in
1322 1292 1615 1346 inferioribus,
1659 1292 1761 1345 quia

435 1363 504 1401 isti
547 1370 586 1402 et
631 1376 712 1402 non
752 1363 828 1402 alii
858 1369 1044 1416 possunt
1077 1363 1195 1402 laicis
1228 1362 1516 1413 commisceri,·
1557 1361 1633 1402 sed
1663 1370 1817 1403 cum15

436 1433 582 1472 nullus
616 1433 720 1473 ordo
753 1434 808 1474 sit
838 1434 1044 1473 iter-abilis
1077 1440 1116 1473 et
1143 1433 1315 1486 quilibet
1345 1433 1497 1472 liabeat
1527 1431 1690 1486 aliquid
1711 1432 1761 1472 de

435 1504 607 1543 racione
640 1504 917 1553 sacramenti,
955 1503 1121 1544 videtur
1153 1503 1267 1557 quod
1304 1504 1347 1542 in
1379 1503 1565 1556 quolibet
1594 1503 1649 1543 sit
1679 1503 1759 1542 ali-

436 1574 540 1627 quid
570 1574 683 1627 quod
713 1574 867 1614 habeat
889 1575 1103 1614 racionem
1138 1574 1202 1613 rei
1232 1580 1271 1613 et
1301 1574 1418 1627 signi
1431 1574 1654 1627 perpetu&
1683 1573 1761 1612 hoc

161 1650 221 1678 and
243 1650 369 1706 savpurs
390 1659 407 1701 ξι
434 1651 576 1684 autem
601 1652 862 1685 caracterem
886 1645 1079 1685 dicimus.
1114 1644 1216 1684 Ideo
1240 1650 1302 1684 est
1325 1644 1454 1684 tercia
1488 1643 1628 1696 opinio
1654 1656 1758 1697 pro-
1775 1651 1800 1684 3

152 1692 292 1723 comm}
318 1695 406 1714 mu*
435 1715 615 1755 habilior
629 1715 743 1770 quod
757 1716 797 1755 in
819 1716 1015 1755 omnibus
1038 1715 1259 1755 ordinibus
1282 1721 1477 1754 caracter
1498 1714 1760 1767 imprimitur
1775 1732 1818 1754 20

434 1788 547 1827 sicut
569 1787 768 1826 raciones
790 1786 1020 1826 ostendunt
1042 1799 1261 1838 expresse.
1292 1785 1399 1825 Cum
1425 1785 1536 1824 enim
1560 1790 1761 1824 caracter

434 1858 488 1896 sit
510 1857 790 1911 signaculum
815 1869 1091 1909 expressum,
1115 1856 1404 1896 distinctivum
1432 1861 1470 1894 et
1493 1861 1758 1907 perpetuum

434 1933 474 1968 et
493 1927 664 1967 Christo
690 1926 1073 1981 configurativum,
1090 1933 1128 1966 et
1142 1927 1220 1966 lzoc
1235 1926 1353 1966 estin
1370 1925 1571 1965 omnibus
1594 1925 1758 1965 ordini-

435 1997 529 2047 bus,
576 2011 659 2037 non
706 1996 989 2037 dubitandum
1037 2003 1099 2037 est
1143 1998 1186 2036 in
1238 1996 1435 2035 omnibus
1487 2002 1756 2035 caracterem

435 2068 638 2120 imprimi.
1775 2073 1814 2105 25

160 2152 406 2194 Bprqaventura’s
493 2138 546 2177 Et
562 2145 868 2191 consequenter
883 2137 1110 2190 respondet
1125 2137 1176 2176 ad
1192 2136 1408 2176 obiectum
1421 2135 1754 2189 quadruplicem.

142 2190 417 2260 οὴργιῃειιῖιῐὲὸιειῗῑιὲοιῗζῖῑ
436 2209 499 2247 Ad
524 2208 711 2260 primum
735 2221 821 2261 quo
846 2207 902 2247 sic
925 2207 1131 2261 arguitur:
1159 2206 1366 2247 Caracter
1389 2214 1451 2247 est
1472 2207 1752 2260 signaculum
1768 2212 1784 2244 1

433 2278 681 2331 spirituale,
720 2291 828 2331 ergo
866 2279 906 2316 in
947 2277 1034 2317 illis
1072 2278 1176 2317 solis
1214 2278 1480 2330 imprimitur
1519 2278 1560 2316 in
1599 2277 1755 2329 quibus

433 2348 563 2387 datur
590 2348 740 2401 aliqua
758 2354 952 2400 potestas
976 2361 1087 2386 nova
1111 2354 1149 2387 et
1172 2347 1436 2399 spiritualis,
1469 2347 1547 2387 sed
1561 2353 1755 2400 potestas

435 2420 623 2458 (minium
658 2418 860 2458 ordinum
896 2417 1082 2472 inferior
1115 2425 1177 2457 est
1216 2418 1472 2470 corporalis,
1507 2424 1551 2457 ut
1581 2419 1754 2470 aperire
1773 2424 1813 2456 30

435 2490 591 2528 ostium
627 2489 693 2529 vel
726 2489 959 2537 custodire,
993 2489 1250 2541 prophetias
1281 2488 1441 2539 dicere,
1488 2487 1754 2527 candelabra

486 2614 510 2641 5.
533 2616 558 2641 Λ
588 2615 615 2641 in
646 2622 762 2647 marta:
800 2614 920 2649 Duplex
950 2614 1070 2649 opinio.
1215 2613 1244 2641 6.
1273 2614 1302 2642 A
1329 2613 1358 2640 in
1380 2621 1495 2646 niara:
1526 2613 1569 2639 ne
1599 2618 1754 2640 caractere

433 2661 554 2688 ordinis
584 2661 700 2695 (Below
722 2661 791 2697 197¹·
811 2661 941 2688 without
971 2661 1057 2688 mark
1087 2660 1121 2687 of
1148 2659 1327 2694 reference).
1472 2668 1500 2696 9.
1523 2661 1549 2686 A
1577 2659 1604 2686 in
1637 2668 1753 2694 marg:

433 2708 658 2735 nonaventura.
769 2715 810 2734 22.
828 2707 946 2735 Codda
964 2708 1140 2735 distinctum
1165 2728 1212 2734 ...
1234 2707 1469 2741 configuratum.
1578 2705 1624 2733 26.
1638 2707 1665 2733 Λ
1681 2706 1701 2733 B
1723 2706 1752 2733 in

434 2763 548 2789 marg:
572 2754 774 2789 Quadruplex
795 2760 1024 2788 argumentum.

492 2849 523 2881 6.
551 2851 656 2893 Seqq.
684 2861 702 2881 c
731 2852 997 2880 Ronaventurne
1025 2850 1111 2881 libro
1141 2850 1196 2881 [V.
1224 2850 1318 2880 Sent.
1345 2849 1553 2891 deprompta
1581 2856 1671 2881 sunt.
1700 2848 1750 2880 Cf.

434 2910 453 2940 l.
481 2919 509 2940 c.
537 2908 614 2940 1351.
