2045 3312
259 252 348 281 CAP„
369 240 481 298 xxu]
749 254 808 285 DE
835 253 1070 285 ECCLEsIA.
1791 243 1870 295 539

108 361 314 405 0202¹³Et
347 361 560 415 sequitur:
614 359 795 413 Corpori
837 365 980 398 autem
1025 359 1247 398 humando
1285 359 1489 412 quidquid
1520 359 1579 398 in—

252 431 473 484 penditur,
522 445 603 471 non
643 437 705 470 est
728 429 968 483 presidium
1007 429 1160 469 salutis
1197 429 1273 468 sed
1303 429 1583 469 humanitatis

259 501 461 556 officium.
497 501 577 541 Sed
613 509 653 540 et
689 500 800 539 idem
835 500 1004 538 videtur
1036 513 1112 552 per
1152 513 1193 538 se
1229 500 1447 539 notorium
1483 514 1579 539 con-

260 572 486 611 siderando
510 571 731 626 quomodo
755 570 999 623 proveniret
1023 568 1240 622 profectus
1265 571 1433 622 corpori
1469 584 1578 610 mor-

226 651 337 682 §tuo
373 642 436 682 vel
470 641 638 696 spiritui
673 650 883 694 separatO.

210 720 245 753 P
322 712 374 752 Et
418 725 467 751 ex
514 712 596 751 isto
642 711 836 764 sequitur
880 710 1078 749 vivorum
1113 709 1299 749 stulticia
1333 710 1405 763 qui
1446 711 1873 786 magiSfflFffOt'mvffffly

1618 768 1634 785 O
1692 768 1699 785 1
1726 767 1758 785 SC

260 783 406 822 dolent
444 795 522 835 pro
561 790 699 821 morte
739 781 950 834 corporali
994 793 1122 833 quam
1159 794 1236 833 pro
1270 789 1407 820 morte
1441 781 1580 819 anime
1614 802 1683 821 care
1705 792 1861 832 mosmos

260 867 334 906 per
378 862 617 906 peccatum,
663 852 797 904 magis
844 851 1114 891 solicitantur
1158 865 1237 904 pro
1283 851 1582 904 solempnitate
1627 830 1844 892 S(iiiiiiintsitite&

261 923 531 977 exequiarum
570 922 755 976 proximi
797 922 861 961 vel
902 922 1026 961 amici
1060 935 1189 975 quam
1223 935 1301 974 pro
1335 921 1583 961 assiduitate
1668 907 1807 936 prayer&

205 1012 243 1033 10
262 994 643 1033 conversacionurn
668 992 985 1032 meritoriarum
1001 1006 1076 1045 per
1091 1005 1197 1044 quas
1222 992 1360 1031 solum
1386 992 1583 1044 suffragia

260 1064 406 1104 insunt
451 1064 542 1103 sibi.
592 1064 716 1104 Unde
762 1063 980 1102 decretum
1040 1063 1151 1102 beati
1207 1062 1401 1115 Gregorii
1449 1062 1581 1115 Xlllsg

261 1149 299 1188 q.
345 1134 412 1186 Ila,
447 1135 595 1174 Anime
626 1133 945 1188 deffunctorum.
985 1132 1183 1183 Curacio,
1218 1132 1367 1186 inquit,
1388 1132 1585 1186 funeris,

261 1205 456 1245 condicio
502 1204 737 1258 sepulture,
776 1215 941 1257 pompa
987 1203 1270 1257 exequiarum
1314 1203 1455 1256 magis
1487 1212 1587 1242 sunt

261 1276 456 1314 vivorum
501 1274 665 1315 solacia
713 1288 841 1329 quam
875 1273 1068 1315 subsidia
1103 1280 1388 1313 mortuorum.
1425 1273 1471 1313 Si
1507 1274 1585 1312 ali—

207 1350 243 1384 15
260 1346 364 1398 quid
400 1345 583 1398 prodest
627 1347 756 1398 impio
800 1346 1030 1398 sepultura
1068 1345 1289 1397 preciosa,
1337 1344 1472 1384 oberit
1510 1345 1585 1398 pio

163 1416 502 1456 202¹³11ilisssaut
546 1415 683 1455 nulla.
732 1415 1027 1457 Crisostomus
1078 1429 1208 1468 super
1254 1414 1477 1467 epistolam
1533 1415 1583 1453 ad

262 1487 469 1537 Hebreos,
512 1495 557 1526 ut
596 1487 652 1525 ibi
693 1487 941 1539 exponitur:
999 1484 1248 1539 Ubicunque
1300 1486 1585 1538 sepeliamur,

260 1556 421 1597 domini
462 1565 523 1596 est
567 1563 687 1596 terra
727 1563 765 1596 et
795 1556 1023 1609 plenitudo
1057 1558 1171 1607 eius,·
1200 1556 1435 1596 secundum
1472 1555 1586 1609 quod

260 1634 425 1680 oportet
459 1628 568 1681 fieri
599 1627 826 1682 efficiatur.
873 1628 1043 1681 Lugere
1081 1633 1240 1677 autem,
1279 1627 1509 1679 deplorare
1547 1632 1587 1666 et

202 1712 244 1734 20
262 1698 492 1737 lamentari
510 1711 579 1738 eos
593 1698 668 1751 qui
689 1696 740 1737 de
759 1698 841 1738 hac
861 1698 946 1737 vita
972 1697 1182 1738 decedunt
1213 1711 1267 1737 ex
1293 1697 1584 1749 pusillanimi-

259 1774 344 1807 tate
387 1768 610 1820 contingit.
654 1766 753 1807 Hoc
795 1774 936 1807 autem
983 1781 1036 1806 ex
1078 1767 1386 1820 desperacione
1424 1766 1584 1821 future

261 1838 601 1878 resurreccionis
640 1837 909 1892 intelligitur.
950 1837 1069 1877 Unde
1102 1836 1335 1890 Apostolus
1370 1850 1451 1877 non
1483 1838 1585 1877 sinz-

255 1908 429 1960 pliciter
468 1908 548 1948 ait:
586 1908 800 1947 Nolumus
832 1922 904 1948 vos
937 1909 1146 1961 ignorare
1179 1907 1230 1947 de
1262 1907 1583 1955 dormientibus,

263 1985 307 2018 ut
350 1991 433 2017 non
479 1979 805 2027 contristemini,
852 1979 926 2018 sed
958 1977 1098 2018 addit:
1131 1979 1251 2018 Sicut
1281 1985 1320 2018 et
1353 1979 1481 2018 ceteri
1512 1979 1585 2031 qui

205 2052 244 2084 25
262 2060 381 2101 spem
417 2061 498 2088 non
522 2049 689 2089 liabent.
714 2049 766 2088 Et
792 2049 940 2087 eadem
972 2048 1187 2088 sentencia
1211 2057 1326 2101 patet
1349 2049 1389 2087 in
1415 2048 1583 2087 duobus

264 2118 458 2171 capitulis
503 2119 794 2172 sequentibus,
849 2118 968 2170 Item,
1011 2118 1180 2159 videtur
1224 2119 1340 2172 quod
1390 2132 1586 2158 murmur

263 2189 344 2229 tale
397 2189 450 2228 sit
504 2198 651 2228 contra
699 2189 924 2228 dominum
979 2202 1107 2242 quem
1161 2189 1367 2229 debemus
1416 2189 1583 2228 credere

262 2271 435 2298 omnem
476 2259 694 2298 hominem
730 2260 834 2299 velle
868 2260 992 2311 mori,
1028 2260 1102 2299 sed
1136 2260 1347 2300 voluntati
1381 2260 1457 2300 Dei
1499 2273 1585 2299 non

263 2338 324 2369 est
355 2329 518 2369 licitum
554 2330 694 2369 taliter
727 2331 999 2370 contrariare.
1028 2329 1070 2370 Si
1105 2330 1217 2370 enim
1252 2330 1339 2370 scio
1373 2330 1488 2383 quod
1524 2339 1584 2369 est

206 2401 247 2434 30
265 2399 314 2438 de
338 2399 415 2438 Dei
450 2399 716 2453 beneplacito
750 2409 791 2440 et
824 2401 881 2440 sic
914 2401 1090 2452 iustum,
1124 2400 1280 2440 faciens
1313 2401 1364 2439 ad
1389 2400 1582 2439 ordinem

315 2532 339 2552 2.
361 2525 388 2551 A
404 2524 460 2559 Αμ
481 2525 682 2553 humanitatis
697 2525 870 2561 -corpori
887 2527 983 2554 deest.
1094 2527 1122 2553 (ἦ.
1140 2528 1167 2553 Α
1183 2526 1212 2553 in
1230 2525 1583 2561 marg.:Cor1·elarium.

260 2579 297 2599 11.
318 2571 437 2600 Codd.:
458 2571 547 2600 Xllss.
674 2573 713 2601 13.
737 2573 784 2600 A:
812 2581 937 2609 pompe.
1049 2582 1091 2609 19.
1114 2573 1151 2600 B:
1179 2572 1358 2601 efficaciter.
1473 2581 1520 2608 29.
1543 2573 1584 2600 132

264 2619 429 2646 contraire.

324 2737 373 2758 11.
391 2726 490 2758 Decr.
505 2736 572 2758 sec.
589 2737 679 2770 pars,
699 2737 803 2760 causa
817 2728 902 2767 XIII,
919 2729 1009 2771 q.11,
1024 2738 1099 2770 cap.
1114 2728 1216 2760 XX11.
1318 2739 1401 2759 12—
1412 2726 1462 2759 16.
1477 2727 1584 2760 Cura-

262 2784 315 2816 cio
337 2803 377 2808 —-
398 2785 493 2817 nulla
519 2785 546 2816 is
573 2796 591 2817 a
618 2785 801 2828 quotation
828 2786 917 2818 from
938 2787 1133 2828 Augustine
1163 2786 1217 2818 De
1237 2786 1327 2818 Cura
1357 2785 1490 2827 agenda
1519 2796 1582 2828 pro

264 2843 409 2874 mortuis
436 2843 519 2885 Cap.
547 2843 585 2875 ΙΙ.
722 2854 770 2886 17.
798 2843 879 2876 ibid.
907 2854 981 2887 cap.
1009 2845 1130 2876 XXVI.
1255 2844 1307 2877 23.
1335 2844 1418 2887 Cap.
1444 2844 1582 2876 XXVII.

260 2900 581 2942 Habentforsitan
609 2903 675 2934 and
702 2903 850 2935 XXVIII.
880 2903 947 2943 Qui
971 2902 1104 2935 divina.
