2045 3312
189 252 268 293 530

181 383 234 410 but
254 381 278 408 if
297 388 342 407 we
370 379 459 405 knew

207 418 280 452 they
299 423 383 442 were
403 413 432 441 in

180 452 238 479 hell
258 459 316 478 our
331 457 457 485 prayers

243 486 344 513 would
367 485 404 512 be

255 522 384 548 useless.

181 804 239 831 We
267 803 306 831 do
334 804 400 831 best
426 808 456 830 to

192 848 268 876 pray
288 840 444 876 generally

203 875 437 945 condiliiodnally‘

208 1928 276 1956 Tlie
297 1928 421 1956 Cllurcli

210 1972 301 2000 prays
322 1963 371 1991 for
391 1964 428 1991 all

205 2008 287 2031 men,
310 1999 363 2026 but
385 2000 439 2026 her

221 2042 349 2070 prayers
371 2042 422 2061 are

206 2069 346 2097 el‘l‘ectual
367 2070 440 2105 only

203 2106 251 2133 for
272 2106 322 2132 tlie
343 2106 431 2132 elect.

918 261 1144 295 JOHANNIS
1171 263 1368 296 WYCLIF.
1575 251 1680 310 [CAP.
1702 262 1797 292 xxu.

475 374 576 405 tunc
612 365 771 405 mortui
804 368 959 406 eternis
994 369 1163 419 ignibus
1199 369 1392 421 deputati
1426 381 1609 410 cessaret
1639 385 1716 424 pro
1741 372 1798 410 eis
1815 386 1897 414 201⁰

474 444 574 475 tunc
620 433 807 476 efficacia
855 438 1127 489 deprecandi,
1185 448 1225 478 et
1279 440 1348 491 ita,
1395 441 1503 480 sicut
1551 441 1798 494 ignoramus

472 506 655 559 qualiter
707 520 881 546 oremus
937 521 1013 560 pro
1060 508 1164 548 vivis
1209 522 1257 548 ex
1304 510 1549 560 ignorancia
1582 511 1798 564 qualitatis

472 575 537 615 sui
582 576 734 629 exitus,
775 578 833 617 sic
875 579 1124 630 ignoramus
1164 580 1348 633 qualiter
1386 594 1559 620 oremus
1598 594 1677 633 pro
1712 581 1795 620 iam

472 647 651 686 mortuis
692 657 866 700 propter
900 650 1190 700 ignoranciam
1226 649 1507 691 conformem.
1547 650 1647 690 Ideo
1687 652 1830 704 opti-5

472 730 593 756 mum
629 727 691 757 est
727 719 848 758 nobis
889 720 1178 760 sacerdotibus
1203 721 1389 760 vivendo
1413 730 1555 761 sancte
1580 722 1798 776 porrigere

472 788 564 827 Deo
598 788 819 828 oraciones
853 791 1069 841 generales
1104 801 1144 830 et
1179 792 1494 831 condicionales
1528 806 1606 845 pro
1639 791 1796 832 nostris

474 857 834 909 benefactoribus,
868 859 967 912 quia
999 861 1103 900 tales
1138 874 1186 900 ex
1220 862 1369 901 maiori
1405 862 1578 902 caritate
1611 863 1706 915 plus
1738 865 1797 904 eis

470 929 722 980 proderunt,
762 930 793 967 si
830 942 1003 982 capaces
1039 930 1195 971 fuerint
1228 930 1294 985 (ut
1327 941 1443 984 patet
1477 933 1517 971 in
1549 932 1609 972 De
1634 932 1796 974 Conse-

471 999 658 1038 cratione
692 999 732 1038 d.
757 999 814 1039 Va
844 999 940 1039 Non
977 1000 1297 1055 mediocriter)‚·
1319 1012 1359 1041 et
1388 1003 1610 1056 supposita
1646 1017 1795 1044 eorum
1818 1025 1856 1047 ιο

471 1069 752 1122 incapacitate
788 1070 882 1122 plus
920 1071 1154 1123 proderunt
1188 1072 1360 1111 ecclesie
1384 1082 1423 1111 et
1447 1074 1600 1113 oranti.
1625 1074 1710 1113 Nec
1735 1084 1797 1114 est

471 1140 634 1180 licitum
654 1153 772 1179 orare
788 1153 866 1193 pro
883 1141 988 1179 vivis
1005 1142 1069 1180 vel
1086 1143 1532 1195 mortuis,specialiter
1547 1144 1797 1184 condicione

471 1210 620 1249 orandi
637 1210 827 1263 exposita
843 1211 1130 1264 pretermissa.
1152 1212 1220 1252 llle
1244 1226 1344 1265 ergo
1362 1213 1435 1266 qui
1451 1222 1544 1252 orat
1560 1215 1799 1267 specialiter

471 1282 665 1321 absolute
711 1295 789 1334 pro
830 1281 1151 1322 beatificacione
1191 1284 1359 1336 patroni
1407 1284 1472 1323 sui
1512 1285 1595 1323 iam
1638 1286 1796 1325 mortui

471 1365 568 1391 cum
615 1352 693 1391 hoc
739 1351 855 1405 quod
901 1351 985 1391 iam
1032 1354 1267 1393 revelatum
1313 1354 1366 1394 sit
1409 1354 1487 1393 sibi
1529 1354 1669 1407 ipsum
1712 1356 1855 1396 iam15

471 1422 626 1462 eternis
666 1423 836 1475 ignibus
871 1423 1120 1476 mancipari,
1155 1432 1195 1463 et
1227 1425 1306 1464 hoc
1340 1435 1516 1477 propter
1549 1426 1795 1478 cupidinem

472 1493 788 1546 temporalium,
830 1493 955 1533 debet
1004 1495 1061 1532 eis
1108 1494 1265 1547 privari
1301 1504 1520 1548 tamquam
1555 1504 1701 1535 orator
1734 1496 1795 1535 in-

472 1564 602 1615 utilis,
637 1577 734 1602 cum
768 1563 895 1602 debet
929 1564 1197 1616 congaudere
1238 1578 1333 1604 cum
1371 1566 1460 1604 Deo
1500 1574 1541 1604 et
1580 1566 1713 1605 beatis
1755 1567 1794 1605 in

472 1635 562 1674 celo
587 1634 638 1673 de
657 1634 771 1674 iusto
790 1634 868 1673 Dei
893 1634 1051 1674 iudicio
1076 1644 1114 1674 et
1139 1636 1345 1675 materiali
1372 1636 1529 1687 gaudio
1555 1637 1795 1689 beatorum,

471 1704 642 1744 eciamsi
677 1703 804 1743 fuerit
848 1706 953 1744 alter
998 1714 1224 1757 parentum
1276 1706 1507 1745 carnalium
1543 1707 1607 1745 vel
1640 1707 1796 1759 specia·
1814 1724 1856 1746 20

470 1775 658 1815 lissimus
699 1775 951 1825 amicorum,
998 1776 1111 1829 quia,
1146 1776 1255 1815 sicut
1297 1789 1379 1815 non
1427 1789 1626 1829 rogamus
1660 1777 1798 1816 Deum

472 1855 518 1885 ut
551 1854 721 1884 revocet
758 1854 924 1898 tempus
962 1846 1230 1898 preteritum,
1264 1847 1322 1886 sic
1358 1860 1432 1885 nec
1467 1860 1667 1900 rogamus
1702 1860 1798 1886 eum

473 1925 518 1955 ut
542 1926 710 1955 revocet
735 1916 815 1955 tale
838 1916 1059 1957 iudicium.
1079 1917 1133 1956 Et
1156 1926 1368 1970 quantum
1393 1917 1444 1956 ad
1471 1917 1631 1957 dictum
1655 1921 1799 1969 Augu-

472 1986 584 2035 stini,
620 1995 736 2039 patet
770 1986 885 2039 quod
920 1985 1171 2039 intelligitur
1205 1987 1421 2026 ecclesiam
1458 1987 1534 2027 rite
1566 2001 1686 2026 orare
1722 2000 1798 2040 pro

473 2057 674 2096 omnibus
710 2056 950 2108 capacibus,
988 2057 1038 2095 de
1072 2065 1236 2110 quanto
1269 2066 1368 2097 sunt
1401 2058 1519 2097 tales.
1564 2058 1688 2097 Unde
1722 2057 1799 2096 iste
1817 2065 1856 2097 25

473 2136 611 2166 textus
645 2140 748 2166 suus
788 2136 881 2166 orat
921 2140 997 2179 pro
1037 2127 1238 2166 omnibus
1273 2127 1495 2167 dumtaxat
1537 2128 1797 2177 hominibus,

473 2197 652 2236 inimicis
677 2197 762 2236 suis
787 2197 828 2235 in
856 2197 936 2236 hoc
960 2211 1137 2250 corpore
1162 2197 1417 2249 constitutis,
1451 2211 1526 2237 nec
1555 2207 1696 2237 tamen
1724 2211 1800 2250 pro

472 2267 673 2306 omnibus
698 2267 944 2319 exauditur;
976 2281 1054 2321 pro
1086 2267 1166 2306 hiis
1190 2268 1302 2307 enim
1337 2269 1435 2307 solis
1470 2269 1692 2307 exauditur
1726 2268 1797 2321 qui

473 2337 549 2376 etsi
596 2337 877 2377 adversantur
921 2339 1107 2389 ecclesie,
1156 2339 1211 2377 ita
1259 2347 1358 2378 sunt
1396 2348 1536 2378 tamen
1592 2338 1798 2390 predesti-

472 2407 558 2447 nati
592 2416 639 2447 ut
672 2406 744 2446 filii
779 2407 1020 2447 efficiantur
1053 2409 1240 2448 ecclesie.
1288 2408 1330 2448 Si
1369 2409 1440 2461 qui
1476 2417 1618 2448 autem
1662 2421 1798 2461 usque
1815 2414 1856 2446 30

472 2478 524 2517 ad
559 2486 741 2517 mortem
776 2478 996 2518 habebunt
1028 2492 1100 2517 cor
1133 2478 1388 2532 impenitens
1426 2493 1501 2519 nec
1535 2492 1583 2518 ex
1618 2479 1797 2518 inimicis

472 2556 774 2587 convertentur
815 2548 854 2586 in
898 2547 1021 2598 filios,
1058 2562 1141 2587 non
1176 2562 1253 2602 pro
1297 2549 1446 2588 talium
1493 2548 1796 2588 defunctorum

473 2618 693 2671 spiritibus
733 2626 827 2657 orat
872 2618 1061 2669 ecclesia,
1109 2619 1209 2672 quia
1254 2619 1293 2657 in
1342 2628 1460 2671 parte
1505 2619 1588 2658 iam
1635 2618 1793 2658 diaboli

528 2755 564 2783 15.
598 2755 637 2782 B:
671 2762 741 2782 cum
774 2755 834 2782 hoc
866 2769 898 2773 —
931 2754 1103 2790 mancipari
1137 2754 1233 2782 deest.
1396 2763 1439 2792 ¹9·
1473 2755 1506 2782 In
1541 2754 1649 2782 codd.:
1681 2754 1797 2789 gaudii.

475 2808 518 2836 27.
550 2803 595 2829 A:
626 2802 656 2829 in
678 2802 736 2830 lioc
757 2802 787 2829 in
809 2801 878 2829 hoc.
1023 2809 1070 2837 29.
1101 2801 1140 2829 B:
1166 2801 1215 2829 isti
1237 2806 1309 2829 sunt
1330 2807 1442 2830 lamen.

542 2919 590 2941 ιο.
619 2909 753 2941 Decreti
782 2910 885 2941 tercia
913 2920 1003 2952 pars,
1031 2908 1108 2941 dist.
1141 2909 1179 2947 V,
1208 2919 1281 2951 cap.
1308 2909 1431 2940 XXIV.
