2045 3312
359 276 448 304 CAP-
471 269 571 323 xlx]
862 282 920 313 DE
949 281 1181 313 ECCLEsux.
1884 274 1965 324 455

309 396 482 439 Lsuper
532 386 832 426 testificacione
895 386 1093 426 ordinum
1147 387 1231 426 dati
1285 387 1499 439 presbiteri
1554 387 1678 428 fuerit

268 453 604 510 191⁰requisitus?
638 456 703 496 Sic
736 456 850 495 enim
891 456 996 496 facta
1036 457 1334 510 apostolorum
1355 457 1378 480 ²³³
1408 459 1676 498 ostenderant

356 540 398 566 se
443 540 530 566 esse
575 527 822 578 sacerdotes,
868 526 965 566 licet
1007 527 1243 567 nesciamus
1289 528 1461 581 quando
1508 537 1547 567 et
1593 542 1676 582 qua

355 596 488 636 forma
520 596 673 636 fuerint
703 610 726 636 a
758 597 935 637 domino
968 597 1162 638 ordinati.

300 675 340 707 M
412 666 712 717 Confirmatur‚
752 666 785 706 si
818 667 1016 707 ordinans
1048 669 1113 707 vel
1151 668 1369 708 ordinatus
1401 668 1467 707 vel
1500 677 1675 722 uterque
1694 679 1967 719 noum-sastotlie

353 736 476 776 fuerit
513 750 591 790 pro
631 746 822 790 tempore
871 737 1155 777 ordinacionis
1195 737 1440 791 simpliciter
1482 737 1676 790 infidelis,
1717 715 1944 778 Ῑὲξέἒῆηζιῖἶζέΐ

352 815 424 846 aut
469 806 680 847 ordinanti
730 808 844 846 deest
892 807 1090 847 intencio
1123 822 1221 848 cun]
1253 808 1389 848 verbis
1428 809 1676 848 sacramenti

351 876 509 916 ordinis
532 890 613 930 que
637 877 808 930 profert,
842 886 942 917 tunc
967 892 1066 918 curn
1087 879 1258 931 paribus
1282 892 1369 918 non
1392 878 1438 918 fit
1460 878 1674 918 ordinacio

349 946 549 999 legitima,
583 948 654 986 sed
686 947 768 987 hoc
801 961 849 987 ex
882 948 955 987 tibi
989 948 1120 988 dubio
1144 948 1320 1002 contigit
1343 949 1392 988 de
1416 963 1675 1003 quocunque

298 1035 336 1055 10
351 1018 565 1057 sacerdote
610 1018 677 1057 cui
723 1018 847 1058 debes
880 1018 1177 1058 testimonium
1208 1019 1453 1072 prohibere:
1496 1033 1593 1073 ergo
1627 1034 1674 1059 ex

349 1087 423 1127 tibi
457 1087 587 1127 dubio
636 1101 723 1128 non
770 1087 848 1128 fuit
891 1088 1077 1142 legitime
1110 1089 1340 1132 ordinatus,
1390 1094 1674 1143 Assumptum

349 1157 512 1197 videtur
550 1171 599 1197 eo
640 1159 756 1212 quod
798 1172 924 1199 nemo
958 1159 1108 1212 accipit
1146 1160 1407 1213 baptismum
1447 1161 1563 1214 quod
1614 1171 1674 1201 est

349 1237 659 1268 sacramentum
705 1229 1108 1269 necessariissimum
1147 1230 1235 1269 sine
1268 1229 1362 1282 fide,
1397 1245 1495 1284 ergo
1529 1245 1552 1270 a
1584 1231 1671 1284 pari

349 1312 424 1338 nec
471 1298 550 1337 alia
598 1299 738 1339 minus
786 1300 1016 1339 necessaria
1062 1310 1335 1352 sacramenta,
1375 1311 1414 1341 et
1454 1301 1673 1354 peridem

297 1368 511 1408 15videtur
542 1369 657 1422 quod
691 1369 870 1408 omnino
902 1368 1081 1408 infidelis
1115 1384 1200 1410 non
1233 1370 1442 1411 ministrat
1479 1370 1672 1411 fidelibus

348 1448 620 1481 sacramenta.
666 1439 732 1479 Sic
778 1439 892 1479 enim
936 1455 1138 1494 paga1mS‚
1183 1441 1332 1481 iudeus
1376 1442 1440 1481 vel
1493 1442 1671 1481 omnino

346 1509 554 1549 hereticus
598 1510 828 1549 deridendo
874 1519 914 1550 et
953 1510 1210 1551 intendendo
1252 1512 1500 1565 oppositum
1544 1512 1670 1551 mini-

346 1588 490 1619 straret
529 1579 571 1618 in
605 1594 701 1620 casu
746 1580 939 1621 fidelibus
979 1590 1251 1633 sacramenta,
1287 1591 1326 1622 et
1369 1596 1442 1635 per
1474 1582 1586 1622 idem
1628 1582 1668 1621 in

346 1664 445 1690 casu
483 1650 582 1702 avis,
623 1650 753 1689 bestia
792 1651 856 1690 vel
889 1665 952 1690 res
985 1651 1216 1691 inanimata
1249 1651 1475 1692 infundens
1515 1666 1669 1706 aquam

289 1734 330 1756 20
346 1730 385 1759 et
418 1720 603 1759 formans
636 1734 800 1771 vocem,
836 1722 952 1774 quod
984 1721 1149 1761 videtur
1186 1721 1412 1762 ridiculum
1449 1731 1487 1762 et
1525 1732 1670 1762 contra

346 1791 509 1830 decreta
542 1790 723 1829 ecclesie.
755 1792 864 1830 Nam
893 1792 943 1839 1³,
976 1805 1016 1844 q.
1051 1792 1064 1830 Ι
1099 1792 1291 1831 scribitur
1323 1794 1399 1833 sub
1423 1793 1669 1833 auctoritate

344 1860 451 1899 beati
481 1859 690 1912 Gregorii:
719 1861 972 1914 Quicunque
1003 1875 1151 1901 sacros
1184 1862 1354 1903 ordines
1388 1864 1573 1903 vendunt
1595 1871 1671 1903 aut

344 1937 490 1969 emunt
531 1930 772 1970 sacerdotes
819 1944 909 1970 esse
955 1945 1036 1971 non
1075 1939 1271 1984 possunt.
1313 1933 1430 1973 Unde
1461 1935 1667 1987 scriptum

344 2007 405 2039 est
447 2001 675 2040 anatliema
720 2000 838 2040 danti
885 2008 923 2040 et
965 2002 1192 2042 anatliema
1225 2004 1458 2056 accipienti,
1492 2004 1569 2043 lzoc
1607 2012 1669 2044 est

287 2071 594 2123 25stnzonic1ca
630 2071 802 2111 heresis.
841 2072 1061 2120 Quomodo
1085 2086 1207 2126 ergo,
1238 2074 1276 2113 si
1305 2075 1533 2114 anathema
1566 2082 1668 2115 sunt

343 2147 382 2180 et
402 2141 539 2179 sancti
562 2154 644 2180 non
668 2148 782 2192 sunt,
815 2143 1086 2196 sanctfficare
1108 2144 1216 2183 alios
1242 2145 1461 2196 possunt?
1493 2144 1547 2184 Et
1568 2158 1663 2184 cum

342 2211 384 2249 in
405 2211 570 2251 Christo
585 2224 764 2264 corpore
779 2226 862 2252 non
878 2219 989 2264 sunt,
1005 2214 1216 2265 quomodo
1232 2227 1388 2267 corpus
1410 2214 1564 2255 Christi
1578 2223 1663 2255 tru-

342 2280 443 2320 dere
458 2282 526 2320 vel
537 2282 923 2335 accipet-epossunt
934 2283 956 2322 ‚⁹
979 2283 1062 2332 Qui
1077 2284 1329 2324 maledictus
1345 2292 1405 2324 est
1420 2285 1665 2326 benedicere

342 2351 551 2402 quomodo
576 2353 750 2404 potest?
802 2353 923 2392 Talia
967 2363 1065 2393 sunt
1112 2354 1245 2394 multa
1279 2355 1454 2407 decreta,
1497 2365 1542 2395 ut
1577 2357 1663 2408 ma,

287 2425 382 2474 30q.
429 2421 458 2472 Ι,
504 2431 543 2460 et
582 2436 680 2474 sepe
720 2423 830 2463 alibi.
880 2424 933 2463 Et
977 2424 1182 2477 quicquid
1231 2425 1425 2465 doctores
1471 2426 1662 2477 dixerint,

344 2491 560 2544 ignoratur
593 2492 642 2531 de
675 2492 757 2532 alio
790 2502 934 2533 utrum
963 2493 1014 2533 sit
1044 2504 1250 2547 perpetuo
1279 2494 1457 2535 infidelis
1494 2509 1662 2536 excom-

393 2660 422 2684 4.
437 2652 466 2680 A
481 2653 537 2688 A1:
554 2653 687 2681 fuerunt.
789 2653 814 2681 5.
836 2654 863 2682 A
878 2654 908 2681 in
924 2662 1038 2689 marg:
1061 2654 1282 2684 Confirmacioi
1383 2665 1424 2690 ¹4·
1446 2655 1485 2682 B:
1507 2664 1560 2691 per
1574 2657 1662 2684 illud.

342 2698 438 2727 1813:
455 2708 508 2734 per
530 2701 617 2728 illud.
726 2709 765 2728 21.
786 2702 815 2728 A
836 2701 866 2728 in
883 2709 998 2736 marga
1019 2702 1110 2730 Nota.
1127 2703 1294 2731 Dubitatur
1308 2712 1345 2731 an
1361 2704 1413 2739 qui
1435 2703 1662 2739 pretenduntur

341 2754 408 2774 esse
437 2748 612 2775 sacerdotes
639 2748 700 2775 sint
729 2747 905 2776 sacerdotes
937 2756 1008 2776 cum
1039 2749 1161 2776 motivis
1192 2750 1397 2785 (Above1910
1416 2750 1548 2778 whitout
1575 2750 1661 2777 mark

341 2792 375 2820 of
393 2794 568 2829 reference).
722 2802 768 2828 24.
789 2794 823 2822 In
845 2795 958 2823 decreti
981 2796 1073 2823 dandi
1097 2817 1102 2823 .
1125 2817 1132 2825 .
1156 2818 1162 2823 .
1185 2797 1369 2832 accipiendi.

403 2923 453 2943 21.
481 2913 581 2945 Decr.
608 2924 675 2946 sec.
704 2924 796 2957 pars,
823 2925 925 2946 causa
956 2917 975 2954 Ι,
1004 2927 1036 2957 q.
1067 2917 1088 2957 Ι,
1115 2925 1189 2958 cap.
1217 2916 1288 2947 X11.
