2045 3312
246 236 335 264 CAP.
359 225 397 282 ιζ]
751 239 811 270 DE
839 239 1061 270 ECCLEsIA
1835 248 1858 286 9

93 356 129 389 G
149 359 229 399 129a
302 345 382 384 Ista
415 357 512 397 ergo
547 353 607 383 est
639 343 788 396 triplex
821 357 916 397 pars
950 344 1076 383 unius
1121 344 1364 383 universalis
1398 345 1568 386 ecclesie

244 414 327 453 sive
360 413 575 465 catholice,
608 412 705 453 licet
736 413 946 467 quotlibet
967 413 1050 454 sint
1082 414 1351 467 particulares
1384 415 1567 468 ecclesie,

243 483 340 538 quia
361 492 424 524 tot
447 491 552 537 quot
574 492 673 524 sunt
694 483 889 524 homines
913 484 1195 537 predestinati.
1230 485 1284 524 Et
1318 484 1416 524 hinc
1446 486 1568 525 credo

243 554 359 608 quod
391 553 433 593 in
466 554 649 594 simbolo
683 554 853 594 ecclesie
887 554 1141 595 confitentur
1174 569 1215 595 se
1249 555 1413 595 credere
1438 569 1570 596 unam

209 634 225 667 5
242 632 430 664 sanctam
466 624 718 664 catholicam
741 633 780 664 et
802 625 1083 678 apostolicam
1106 625 1335 665 ecclesiam.
1370 626 1566 678 Apostoli

242 694 355 734 enim
387 702 486 734 sunt
518 695 650 734 modo
682 695 725 734 in
766 695 855 735 celo
888 695 930 735 in
975 696 1123 736 eadem
1154 696 1452 750 personalitate
1485 710 1570 750 qua

241 764 433 805 vixerunt
479 765 521 804 in
567 764 696 817 terris,
736 775 775 806 et
808 775 907 806 sunt
938 767 1070 806 modo
1117 775 1254 820 partes
1302 767 1426 820 plene
1470 781 1568 820 pur-

243 843 335 887 gate
379 835 569 876 eiusdem
612 836 756 877 matris
798 836 982 889 ecclesie,
1015 836 1262 877 auctoritate
1286 851 1473 891 quorum
1506 838 1569 878 sui

241 904 382 945 vicarii
420 905 505 945 iam
541 916 692 961 regunt
738 907 1099 947 adolescentulam
1143 908 1273 947 modo
1318 917 1569 962 querentem

186 996 225 1017 10
242 988 449 1028 sponsum
482 977 674 1029 ecclesie;
708 986 747 1017 et
770 977 827 1017 sic
849 977 1038 1031 loquitur
1062 978 1278 1018 decretum
1299 979 1449 1029 XXIV,
1484 993 1522 1032 q.
1539 979 1566 1020 Ι.

244 1046 396 1086 Manet
452 1046 590 1100 inquit
641 1048 729 1087 Leo
787 1062 897 1100 papa
952 1049 1069 1087 Petri
1116 1047 1424 1102 privilegium,
1478 1048 1861 1088 uhi-Peter‘sprivilegz

1582 1085 1617 1112 of
1641 1086 1769 1113 bindinr*
1801 1087 1860 1113 and

242 1129 410 1169 cunque
442 1118 656 1170 exipsius
680 1120 863 1171 equitate
884 1118 1041 1173 fertur
1072 1118 1295 1159 iudicium.
1329 1119 1421 1172 Ipse
1455 1108 1861 1158 enimioosmgsamius

242 1186 392 1226 residet
424 1187 466 1226 in
500 1187 596 1227 celis
625 1188 770 1228 videns
804 1197 843 1228 et
865 1202 1096 1242 procurans
1129 1189 1245 1243 quod
1275 1189 1377 1228 deus
1406 1189 1506 1242 liget
1530 1198 1569 1229 et
1584 1156 1850 1227 uii'sseixletritsisrssssl-lt

209 1256 388 1299 1solvat.
432 1257 555 1298 Unde
588 1258 824 1311 supradicta
861 1258 1074 1298 decretalis
1107 1258 1163 1298 sic
1193 1258 1402 1312 loquitur:
1426 1258 1565 1299 Unam

187 1337 223 1368 15
239 1334 433 1367 sanctam
488 1328 714 1368 ecclesiam
769 1329 1024 1368 catholicam
1079 1335 1117 1368 et
1166 1330 1303 1381 ipsam
1359 1329 1567 1382 apostoli-

241 1411 335 1437 cam
371 1404 555 1452 urgente
573 1398 670 1452 fide
702 1398 881 1439 credere
913 1400 1113 1453 cogimur
1157 1406 1197 1439 et
1240 1406 1398 1439 tenere.
1445 1400 1569 1440 Unde

241 1468 445 1507 unitatem
477 1468 586 1508 illius
621 1468 790 1509 ecclesie
833 1469 984 1522 probat
1016 1484 1063 1509 ex
1096 1469 1299 1523 scriptura
1331 1469 1568 1523 multiplici,

238 1538 377 1591 primo
409 1552 482 1591 per
514 1538 618 1578 illud
651 1538 928 1580 Canticorum
960 1541 1050 1591 VIO,
1085 1541 1129 1580 8:
1169 1540 1263 1579 Una
1287 1547 1349 1581 est
1370 1541 1569 1580 columba

240 1622 348 1656 mea,
375 1609 575 1663 perfecta
609 1621 726 1649 mea:
759 1623 846 1650 una
885 1618 947 1651 est
978 1613 1110 1651 matri
1151 1624 1242 1662 sue,
1283 1612 1415 1651 electa
1447 1612 1568 1665 geni—

184 1699 224 1721 20
239 1681 336 1719 trici
367 1691 457 1718 Sue.
493 1679 572 1719 Ista
606 1680 806 1720 columba
840 1681 1076 1721 secundum
1109 1682 1364 1721 concordem
1398 1691 1566 1721 sancto-

241 1763 337 1788 rum
369 1750 626 1790 sentenciam
658 1759 718 1790 est
750 1760 883 1791 mater
917 1752 1101 1803 ecclesia,
1136 1752 1255 1792 cuius
1292 1762 1436 1803 mater,
1470 1752 1569 1806 quia
1596 1765 1844 1805 Ti1eifege11i11g

243 1819 412 1859 creatrix
446 1828 506 1859 est
538 1819 699 1860 trinitas
732 1822 796 1860 vel
829 1822 970 1862 divina
1003 1823 1200 1874 essencia,
1234 1822 1354 1863 cuius
1387 1823 1567 1876 genitrix
1602 1802 1844 1864 otthghgffilerxghr0

242 1899 281 1929 et
323 1888 446 1929 fotrix
479 1899 540 1929 est
572 1890 700 1942 patris
745 1891 954 1944 sapiencia
1002 1901 1041 1932 et
1084 1892 1173 1945 ipsa
1205 1902 1338 1932 mater
1382 1893 1498 1946 virgo
1532 1902 1571 1932 et

243 1973 398 2012 sponsa
430 1959 704 2000 humanitatis
738 1961 893 2001 Christi
929 1962 991 2002 sui
1015 1962 1174 2015 capitis.
1210 1964 1270 2003 Ex
1304 1963 1460 2016 quibus
1493 1978 1567 2016 pa-

187 2038 225 2070 25
243 2029 430 2069 rentibus
470 2029 751 2083 spiritualiter,
801 2040 840 2071 et
883 2045 956 2085 per
1004 2046 1280 2086 consequens,
1329 2033 1569 2086 gignicione

241 2099 425 2152 virginea
457 2098 531 2138 filii
564 2100 735 2140 ecclesie
775 2111 1062 2154 procreantur,
1106 2102 1221 2142 iuxta
1267 2104 1383 2156 quod
1430 2103 1569 2156 loqui-

242 2178 310 2208 tur
340 2170 558 2222 apostolus
594 2176 637 2209 2³
671 2170 769 2211 Cor.
803 2172 892 2223 XIO,
929 2186 966 2219 2,
1000 2173 1225 2225 Despondi
1265 2187 1338 2214 vos
1372 2175 1447 2212 uni
1478 2174 1569 2213 viro

245 2239 455 2293 virginem
489 2247 651 2280 castam
686 2241 886 2281 exhibere
910 2242 1093 2282 Christo.
1129 2242 1241 2282 Cum
1275 2256 1373 2297 ergo
1407 2243 1448 2282 in
1482 2252 1570 2283 tota

243 2310 447 2363 scriptura
479 2323 566 2349 non
599 2310 774 2363 ponitur
805 2312 870 2351 vel
904 2326 987 2352 una
1010 2312 1155 2352 sillaha
1188 2313 1276 2353 sine
1309 2328 1449 2365 sensu,
1483 2327 1569 2353 non

186 2387 227 2419 30
243 2389 368 2420 restat
412 2380 513 2433 quid
557 2381 840 2433 pertinencius
885 2382 1068 2435 signaret
1111 2383 1193 2423 hoc
1237 2383 1449 2424 adiectum
1482 2397 1569 2423 zma

304 2538 334 2562 ,μ
358 2529 389 2555 ln
412 2528 511 2556 codd:
533 2537 594 2564 quo
615 2529 644 2556 in
667 2529 821 2563 simb010;
844 2531 938 2565 AAl:
972 2531 1144 2559 confitetur.
1308 2540 1342 2559 11.
1364 2534 1393 2560 A
1415 2532 1444 2560 in
1466 2541 1570 2567 marg:

242 2574 440 2609 Privilegium
469 2575 548 2602 Petri
583 2575 699 2611 ligandi
729 2581 757 2604 et
790 2577 942 2604 solvendi.
974 2577 996 2605 B
1023 2578 1051 2605 in
1084 2586 1187 2612 marg:
1219 2586 1265 2611 24..
1288 2588 1316 2615 q.
1340 2587 1358 2606 1.
1388 2579 1450 2607 Leo
1478 2587 1569 2614 papa.

243 2622 284 2649 ιώ.
307 2622 345 2648 ss:
377 2627 404 2649 et
430 2626 582 2649 tenemur.
692 2622 732 2650 18.
754 2623 775 2650 B
797 2623 827 2651 in
849 2632 945 2659 marg.
975 2624 1062 2652 Cant.
1087 2623 1138 2652 VI.
1161 2625 1201 2652 ih.
1234 2625 1301 2652 Una
1321 2626 1402 2653 enim
1424 2626 1570 2653 columba

241 2676 320 2704 mea,
342 2667 478 2703 perfecta
499 2676 577 2705 mea,
599 2677 659 2696 una
680 2670 769 2697 matri
790 2678 855 2697 sue.
935 2678 973 2698 21.
995 2672 1022 2697 A
1044 2671 1072 2698 in
1096 2680 1198 2707 marg:
1226 2672 1412 2700 Procreacio
1434 2673 1568 2700 tiliorum

242 2714 382 2743 ecclesie.
472 2723 516 2752 27.
540 2716 560 2742 Β
582 2715 611 2744 in
633 2724 738 2751 marg:
759 2724 784 2743 2.
808 2716 879 2744 Cor.
901 2725 926 2745 ει.
1017 2718 1064 2745 28.
1087 2718 1125 2745 ss:
1145 2726 1216 2746 cum
1238 2719 1340 2753 igitur.
1425 2728 1472 2757 29.
1495 2721 1515 2748 B
1538 2722 1567 2749 in

243 2769 345 2796 marg:
368 2761 472 2797 Quare
493 2762 535 2795 (in
558 2763 627 2790 cod.
644 2763 729 2799 quid)
751 2764 882 2791 ecclesia
903 2765 942 2792 sit
968 2773 1039 2802 una,
1061 2765 1110 2793 hic
1131 2766 1304 2795 deducitur.

305 2890 356 2912 10.
384 2881 518 2913 Decreti
544 2883 698 2915 secunda
724 2893 814 2925 pars»,
842 2894 944 2916 causa
971 2885 1091 2926 XXIV,
1119 2895 1151 2927 q.
1179 2885 1202 2926 Ι,
1230 2895 1303 2928 cap.
1334 2887 1375 2918 V.
