<?xml version="1.0" encoding="UTF-8"?>
<!DOCTYPE html PUBLIC "-//W3C//DTD XHTML 1.0 Transitional//EN"
    "http://www.w3.org/TR/xhtml1/DTD/xhtml1-transitional.dtd">
<html xmlns="http://www.w3.org/1999/xhtml" xml:lang="en" lang="en">
 <head>
  <title>
</title>
<meta http-equiv="Content-Type" content="text/html;charset=utf-8" />
  <meta name='ocr-system' content='tesseract 3.04.00' />
  <meta name='ocr-capabilities' content='ocr_page ocr_carea ocr_par ocr_line ocrx_word'/>
</head>
<body>
  <div class='ocr_page' id='page_1' title='image "./iohanniswycliftr04wycl_0520.png"; bbox 0 0 2045 3312; ppageno 0'>
   <div class='ocr_carea' id='block_1_1' title="bbox 152 303 235 353">
    <p class='ocr_par' dir='ltr' id='par_1_1' title="bbox 152 303 235 353">
     <span class='ocr_line' id='line_1_1' title="bbox 152 303 235 353; baseline -0.012 -11"><span class='ocrx_word' id='word_1_1' title='bbox 152 303 235 353; x_wconf 83' lang='lat'>482</span> 
     </span>
    </p>
   </div>
   <div class='ocr_carea' id='block_1_2' title="bbox 197 1198 385 1379">
    <p class='ocr_par' dir='ltr' id='par_1_2' title="bbox 197 1198 385 1379">
     <span class='ocr_line' id='line_1_2' title="bbox 212 1198 361 1235; baseline 0.007 -9"><span class='ocrx_word' id='word_1_2' title='bbox 212 1198 310 1228; x_wconf 85' lang='lat' dir='ltr'>Verse</span> <span class='ocrx_word' id='word_1_3' title='bbox 331 1207 361 1235; x_wconf 82' lang='lat'>¹9</span> 
     </span>
     <span class='ocr_line' id='line_1_3' title="bbox 197 1236 385 1263; baseline 0.005 -1"><span class='ocrx_word' id='word_1_4' title='bbox 197 1236 263 1262; x_wconf 83' lang='lat' dir='ltr'>tells</span> <span class='ocrx_word' id='word_1_5' title='bbox 284 1236 319 1263; x_wconf 84' lang='lat' dir='ltr'>of</span> <span class='ocrx_word' id='word_1_6' title='bbox 334 1236 385 1263; x_wconf 81' lang='lat' dir='ltr'>the</span> 
     </span>
     <span class='ocr_line' id='line_1_4' title="bbox 212 1271 365 1298; baseline 0 0"><span class='ocrx_word' id='word_1_7' title='bbox 212 1271 365 1298; x_wconf 69' lang='lat' dir='ltr'>Chnrcli&#39;s</span> 
     </span>
     <span class='ocr_line' id='line_1_5' title="bbox 215 1307 364 1334; baseline 0.007 -2"><span class='ocrx_word' id='word_1_8' title='bbox 215 1307 364 1334; x_wconf 82' lang='lat' dir='ltr'>sedulous</span> 
     </span>
     <span class='ocr_line' id='line_1_6' title="bbox 211 1342 367 1379; baseline 0 -11"><span class='ocrx_word' id='word_1_9' title='bbox 211 1342 367 1379; x_wconf 78' lang='lat' dir='ltr'>industry.</span> 
     </span>
    </p>
   </div>
   <div class='ocr_carea' id='block_1_3' title="bbox 901 291 1765 351">
    <p class='ocr_par' dir='ltr' id='par_1_3' title="bbox 901 291 1765 351">
     <span class='ocr_line' id='line_1_7' title="bbox 901 291 1765 351; baseline -0.014 -10"><span class='ocrx_word' id='word_1_10' title='bbox 901 308 1126 342; x_wconf 77' lang='lat' dir='ltr'><strong>JOHANNIS</strong></span> <span class='ocrx_word' id='word_1_11' title='bbox 1153 308 1350 341; x_wconf 61' lang='lat' dir='ltr'>WYCLnss.</span> <span class='ocrx_word' id='word_1_12' title='bbox 1570 291 1677 351; x_wconf 73' lang='lat' dir='ltr'>[CAP.</span> <span class='ocrx_word' id='word_1_13' title='bbox 1698 303 1765 331; x_wconf 84' lang='lat' dir='ltr'>xx.</span> 
     </span>
    </p>
   </div>
   <div class='ocr_carea' id='block_1_4' title="bbox 427 411 1904 2718">
    <p class='ocr_par' dir='ltr' id='par_1_4' title="bbox 439 411 1904 1172">
     <span class='ocr_line' id='line_1_8' title="bbox 444 411 1904 466; baseline -0.005 -10"><span class='ocrx_word' id='word_1_14' title='bbox 444 416 674 456; x_wconf 80' lang='lat' dir='ltr'>delectatur</span> <span class='ocrx_word' id='word_1_15' title='bbox 717 415 759 454; x_wconf 92' lang='lat' dir='ltr'>in</span> <span class='ocrx_word' id='word_1_16' title='bbox 808 414 1000 466; x_wconf 88' lang='lat' dir='ltr'>domino,</span> <span class='ocrx_word' id='word_1_17' title='bbox 1046 428 1133 453; x_wconf 89' lang='lat' dir='ltr'>non</span> <span class='ocrx_word' id='word_1_18' title='bbox 1178 413 1318 453; x_wconf 88' lang='lat' dir='ltr'>solum</span> <span class='ocrx_word' id='word_1_19' title='bbox 1362 411 1535 465; x_wconf 83' lang='lat' dir='ltr'>exponit</span> <span class='ocrx_word' id='word_1_20' title='bbox 1567 411 1904 466; x_wconf 71' lang='lat' dir='ltr'>exercicio195⁸1</span> 
     </span>
     <span class='ocr_line' id='line_1_9' title="bbox 442 481 1768 539; baseline -0.004 -13"><span class='ocrx_word' id='word_1_21' title='bbox 442 486 576 526; x_wconf 89' lang='lat' dir='ltr'>laudis</span> <span class='ocrx_word' id='word_1_22' title='bbox 628 485 766 525; x_wconf 84' lang='lat' dir='ltr'>divine</span> <span class='ocrx_word' id='word_1_23' title='bbox 811 499 885 526; x_wconf 89' lang='lat' dir='ltr'>sua</span> <span class='ocrx_word' id='word_1_24' title='bbox 917 483 1074 539; x_wconf 18' lang='lat' dir='ltr'>,omnia</span> <span class='ocrx_word' id='word_1_25' title='bbox 1118 484 1190 524; x_wconf 91' lang='lat' dir='ltr'>sed</span> <span class='ocrx_word' id='word_1_26' title='bbox 1237 497 1279 523; x_wconf 90' lang='lat' dir='ltr'>se</span> <span class='ocrx_word' id='word_1_27' title='bbox 1323 483 1480 536; x_wconf 71' lang='lat' dir='ltr'>ipsam,</span> <span class='ocrx_word' id='word_1_28' title='bbox 1518 481 1610 522; x_wconf 88' lang='lat' dir='ltr'>talis</span> <span class='ocrx_word' id='word_1_29' title='bbox 1655 481 1768 521; x_wconf 87' lang='lat' dir='ltr'>enim</span> 
     </span>
     <span class='ocr_line' id='line_1_10' title="bbox 441 552 1767 610; baseline -0.003 -15"><span class='ocrx_word' id='word_1_30' title='bbox 441 556 610 596; x_wconf 86' lang='lat' dir='ltr'>interim</span> <span class='ocrx_word' id='word_1_31' title='bbox 639 564 779 610; x_wconf 82' lang='lat' dir='ltr'><strong>gustat</strong></span> <span class='ocrx_word' id='word_1_32' title='bbox 824 554 866 594; x_wconf 90' lang='lat' dir='ltr'>in</span> <span class='ocrx_word' id='word_1_33' title='bbox 914 555 1074 596; x_wconf 84' lang='lat' dir='ltr'>actibus</span> <span class='ocrx_word' id='word_1_34' title='bbox 1119 568 1249 608; x_wconf 89' lang='lat' dir='ltr'>quam</span> <span class='ocrx_word' id='word_1_35' title='bbox 1292 553 1429 593; x_wconf 84' lang='lat' dir='ltr'>suavis</span> <span class='ocrx_word' id='word_1_36' title='bbox 1462 562 1522 593; x_wconf 90' lang='lat' dir='ltr'>est</span> <span class='ocrx_word' id='word_1_37' title='bbox 1554 552 1767 604; x_wconf 91' lang='lat' dir='ltr'>dominus,</span> 
     </span>
     <span class='ocr_line' id='line_1_11' title="bbox 441 622 1768 680; baseline -0.003 -14"><span class='ocrx_word' id='word_1_38' title='bbox 441 640 666 680; x_wconf 83' lang='lat' dir='ltr'>quousque</span> <span class='ocrx_word' id='word_1_39' title='bbox 700 625 845 666; x_wconf 89' lang='lat' dir='ltr'>infima</span> <span class='ocrx_word' id='word_1_40' title='bbox 878 625 1058 666; x_wconf 84' lang='lat' dir='ltr'>dulcedo</span> <span class='ocrx_word' id='word_1_41' title='bbox 1091 624 1336 665; x_wconf 90' lang='lat' dir='ltr'>timentibus</span> <span class='ocrx_word' id='word_1_42' title='bbox 1359 624 1498 663; x_wconf 90' lang='lat' dir='ltr'>Deum</span> <span class='ocrx_word' id='word_1_43' title='bbox 1522 622 1768 663; x_wconf 88' lang='lat' dir='ltr'>abscondita</span> 
     </span>
     <span class='ocr_line' id='line_1_12' title="bbox 442 693 1799 750; baseline -0.003 -15"><span class='ocrx_word' id='word_1_44' title='bbox 442 696 493 736; x_wconf 89' lang='lat' dir='ltr'>sit</span> <span class='ocrx_word' id='word_1_45' title='bbox 527 696 684 750; x_wconf 87' lang='lat' dir='ltr'>illapsa.</span> <span class='ocrx_word' id='word_1_46' title='bbox 742 697 829 736; x_wconf 92' lang='lat' dir='ltr'>Nec</span> <span class='ocrx_word' id='word_1_47' title='bbox 874 705 1012 749; x_wconf 89' lang='lat' dir='ltr'>potest</span> <span class='ocrx_word' id='word_1_48' title='bbox 1056 694 1166 736; x_wconf 87' lang='lat' dir='ltr'>obici</span> <span class='ocrx_word' id='word_1_49' title='bbox 1211 695 1327 748; x_wconf 90' lang='lat' dir='ltr'>quod</span> <span class='ocrx_word' id='word_1_50' title='bbox 1371 694 1446 734; x_wconf 91' lang='lat' dir='ltr'>hec</span> <span class='ocrx_word' id='word_1_51' title='bbox 1485 693 1636 733; x_wconf 88' lang='lat' dir='ltr'>mulier</span> <span class='ocrx_word' id='word_1_52' title='bbox 1681 702 1799 735; x_wconf 91' lang='lat' dir='ltr'>non5</span> 
     </span>
     <span class='ocr_line' id='line_1_13' title="bbox 439 764 1765 820; baseline -0.002 -14"><span class='ocrx_word' id='word_1_53' title='bbox 439 766 542 806; x_wconf 88' lang='lat' dir='ltr'>vidit</span> <span class='ocrx_word' id='word_1_54' title='bbox 592 767 815 820; x_wconf 89' lang='lat' dir='ltr'>quomodo</span> <span class='ocrx_word' id='word_1_55' title='bbox 863 766 1128 820; x_wconf 87' lang='lat' dir='ltr'>operandum</span> <span class='ocrx_word' id='word_1_56' title='bbox 1173 765 1223 806; x_wconf 83' lang='lat' dir='ltr'>sit</span> <span class='ocrx_word' id='word_1_57' title='bbox 1273 773 1443 818; x_wconf 90' lang='lat' dir='ltr'>propter</span> <span class='ocrx_word' id='word_1_58' title='bbox 1487 764 1619 804; x_wconf 90' lang='lat' dir='ltr'>noctis</span> <span class='ocrx_word' id='word_1_59' title='bbox 1652 773 1765 804; x_wconf 91' lang='lat' dir='ltr'>tene-</span> 
     </span>
     <span class='ocr_line' id='line_1_14' title="bbox 441 835 1766 890; baseline -0.002 -14"><span class='ocrx_word' id='word_1_60' title='bbox 441 837 533 876; x_wconf 87' lang='lat' dir='ltr'>bras</span> <span class='ocrx_word' id='word_1_61' title='bbox 568 836 609 875; x_wconf 92' lang='lat' dir='ltr'>in</span> <span class='ocrx_word' id='word_1_62' title='bbox 646 850 730 890; x_wconf 85' lang='lat' dir='ltr'>qua</span> <span class='ocrx_word' id='word_1_63' title='bbox 762 836 860 888; x_wconf 84' lang='lat' dir='ltr'>viat,</span> <span class='ocrx_word' id='word_1_64' title='bbox 893 836 992 890; x_wconf 87' lang='lat' dir='ltr'>quia</span> <span class='ocrx_word' id='word_1_65' title='bbox 1025 836 1193 876; x_wconf 88' lang='lat' dir='ltr'>lucerna</span> <span class='ocrx_word' id='word_1_66' title='bbox 1226 836 1389 876; x_wconf 82' lang='lat' dir='ltr'>ardebit</span> <span class='ocrx_word' id='word_1_67' title='bbox 1421 835 1633 886; x_wconf 85' lang='lat' dir='ltr'>continue,</span> <span class='ocrx_word' id='word_1_68' title='bbox 1663 835 1766 874; x_wconf 88' lang='lat' dir='ltr'>dum</span> 
     </span>
     <span class='ocr_line' id='line_1_15' title="bbox 441 895 1764 960; baseline -0.002 -15"><span class='ocrx_word' id='word_1_69' title='bbox 441 920 606 960; x_wconf 83' lang='lat' dir='ltr'>semper</span> <span class='ocrx_word' id='word_1_70' title='bbox 657 907 782 946; x_wconf 88' lang='lat' dir='ltr'>habet</span> <span class='ocrx_word' id='word_1_71' title='bbox 833 907 1010 946; x_wconf 88' lang='lat' dir='ltr'>oculum</span> <span class='ocrx_word' id='word_1_72' title='bbox 1054 915 1093 946; x_wconf 92' lang='lat' dir='ltr'>et</span> <span class='ocrx_word' id='word_1_73' title='bbox 1138 905 1424 958; x_wconf 85' lang='lat' dir='ltr'>affeccionem,</span> <span class='ocrx_word' id='word_1_74' title='bbox 1469 895 1677 959; x_wconf 88' lang='lat' dir='ltr'>sperando</span> <span class='ocrx_word' id='word_1_75' title='bbox 1725 904 1764 943; x_wconf 89' lang='lat' dir='ltr'>in</span> 
     </span>
     <span class='ocr_line' id='line_1_16' title="bbox 441 975 1767 1028; baseline -0.002 -12"><span class='ocrx_word' id='word_1_76' title='bbox 441 976 634 1028; x_wconf 89' lang='lat' dir='ltr'>domino,</span> <span class='ocrx_word' id='word_1_77' title='bbox 689 976 816 1016; x_wconf 88' lang='lat' dir='ltr'>verbo</span> <span class='ocrx_word' id='word_1_78' title='bbox 872 977 1034 1016; x_wconf 87' lang='lat' dir='ltr'>domini</span> <span class='ocrx_word' id='word_1_79' title='bbox 1088 976 1432 1016; x_wconf 87' lang='lat' dir='ltr'>consolacionem</span> <span class='ocrx_word' id='word_1_80' title='bbox 1478 975 1680 1028; x_wconf 82' lang='lat' dir='ltr'>scripture</span> <span class='ocrx_word' id='word_1_81' title='bbox 1728 983 1767 1014; x_wconf 90' lang='lat' dir='ltr'>et</span> 
     </span>
     <span class='ocr_line' id='line_1_17' title="bbox 443 1045 1825 1100; baseline -0.002 -13"><span class='ocrx_word' id='word_1_82' title='bbox 443 1046 819 1087; x_wconf 77' lang='lat' dir='ltr'>continuacionem</span> <span class='ocrx_word' id='word_1_83' title='bbox 853 1046 1133 1087; x_wconf 88' lang='lat' dir='ltr'>beneficencie</span> <span class='ocrx_word' id='word_1_84' title='bbox 1156 1055 1376 1100; x_wconf 83' lang='lat' dir='ltr'>tamquam</span> <span class='ocrx_word' id='word_1_85' title='bbox 1399 1045 1542 1086; x_wconf 91' lang='lat' dir='ltr'>oleum</span> <span class='ocrx_word' id='word_1_86' title='bbox 1566 1045 1766 1085; x_wconf 84' lang='lat' dir='ltr'>continue</span> <span class='ocrx_word' id='word_1_87' title='bbox 1788 1064 1825 1085; x_wconf 79' lang='grc' dir='ltr'>ιο</span> 
     </span>
     <span class='ocr_line' id='line_1_18' title="bbox 444 1116 1764 1172; baseline -0.002 -16"><span class='ocrx_word' id='word_1_88' title='bbox 444 1117 659 1172; x_wconf 82' lang='lat' dir='ltr'>largiente,</span> <span class='ocrx_word' id='word_1_89' title='bbox 684 1127 723 1157; x_wconf 89' lang='lat' dir='ltr'>et</span> <span class='ocrx_word' id='word_1_90' title='bbox 739 1131 787 1157; x_wconf 83' lang='lat' dir='ltr'>ex</span> <span class='ocrx_word' id='word_1_91' title='bbox 803 1118 880 1157; x_wconf 90' lang='lat' dir='ltr'>ista</span> <span class='ocrx_word' id='word_1_92' title='bbox 898 1118 990 1157; x_wconf 92' lang='lat' dir='ltr'>luce</span> <span class='ocrx_word' id='word_1_93' title='bbox 1014 1131 1113 1157; x_wconf 89' lang='lat' dir='ltr'>cum</span> <span class='ocrx_word' id='word_1_94' title='bbox 1136 1117 1231 1157; x_wconf 90' lang='lat' dir='ltr'>oleo</span> <span class='ocrx_word' id='word_1_95' title='bbox 1255 1116 1499 1157; x_wconf 81' lang='lat' dir='ltr'>devocionis</span> <span class='ocrx_word' id='word_1_96' title='bbox 1529 1116 1764 1155; x_wconf 85' lang='lat' dir='ltr'>exhilarata.</span> 
     </span>
    </p>

    <p class='ocr_par' dir='ltr' id='par_1_5' title="bbox 427 1185 1870 2718">
     <span class='ocr_line' id='line_1_19' title="bbox 501 1185 1870 1242; baseline -0.001 -14"><span class='ocrx_word' id='word_1_97' title='bbox 501 1189 624 1229; x_wconf 91' lang='lat' dir='ltr'>Unde</span> <span class='ocrx_word' id='word_1_98' title='bbox 666 1196 815 1228; x_wconf 85' lang='lat' dir='ltr'>octavo</span> <span class='ocrx_word' id='word_1_99' title='bbox 855 1188 1140 1242; x_wconf 79' lang='lat' dir='ltr'>subiungitur:</span> <span class='ocrx_word' id='word_1_100' title='bbox 1174 1188 1358 1227; x_wconf 80' lang='lat' dir='ltr'>Manum</span> <span class='ocrx_word' id='word_1_101' title='bbox 1391 1201 1516 1227; x_wconf 81' lang='lat' dir='ltr'>suam</span> <span class='ocrx_word' id='word_1_102' title='bbox 1562 1186 1675 1226; x_wconf 79' lang='lat' dir='ltr'>misit</span> <span class='ocrx_word' id='word_1_103' title='bbox 1711 1185 1806 1226; x_wconf 81' lang='lat' dir='ltr'>ad8</span> <span class='ocrx_word' id='word_1_104' title='bbox 1833 1194 1870 1226; x_wconf 90' lang='lat' dir='ltr'><strong>K</strong></span> 
     </span>
     <span class='ocr_line' id='line_1_20' title="bbox 428 1255 1766 1313; baseline -0.002 -15"><span class='ocrx_word' id='word_1_105' title='bbox 428 1258 580 1312; x_wconf 79' lang='lat' dir='ltr'>forcia</span> <span class='ocrx_word' id='word_1_106' title='bbox 614 1265 652 1298; x_wconf 82' lang='lat' dir='ltr'>et</span> <span class='ocrx_word' id='word_1_107' title='bbox 684 1258 807 1313; x_wconf 78' lang='lat' dir='ltr'>digiti</span> <span class='ocrx_word' id='word_1_108' title='bbox 838 1260 930 1299; x_wconf 79' lang='lat' dir='ltr'>eius</span> <span class='ocrx_word' id='word_1_109' title='bbox 962 1258 1340 1312; x_wconf 77' lang='lat' dir='ltr'>apprehenderunt</span> <span class='ocrx_word' id='word_1_110' title='bbox 1355 1257 1543 1311; x_wconf 84' lang='lat' dir='ltr'>fusum;</span> <span class='ocrx_word' id='word_1_111' title='bbox 1586 1255 1657 1296; x_wconf 92' lang='lat' dir='ltr'>ubi</span> <span class='ocrx_word' id='word_1_112' title='bbox 1691 1255 1766 1296; x_wconf 80' lang='lat' dir='ltr'>ista</span> 
     </span>
     <span class='ocr_line' id='line_1_21' title="bbox 444 1326 1766 1383; baseline -0.003 -14"><span class='ocrx_word' id='word_1_113' title='bbox 444 1329 556 1369; x_wconf 90' lang='lat' dir='ltr'>bona</span> <span class='ocrx_word' id='word_1_114' title='bbox 579 1337 774 1369; x_wconf 86' lang='lat' dir='ltr'>matrona</span> <span class='ocrx_word' id='word_1_115' title='bbox 796 1329 960 1370; x_wconf 88' lang='lat' dir='ltr'>lanifica</span> <span class='ocrx_word' id='word_1_116' title='bbox 983 1343 1057 1383; x_wconf 88' lang='lat' dir='ltr'>per</span> <span class='ocrx_word' id='word_1_117' title='bbox 1078 1343 1256 1369; x_wconf 87' lang='lat' dir='ltr'>manum</span> <span class='ocrx_word' id='word_1_118' title='bbox 1289 1338 1328 1369; x_wconf 92' lang='lat' dir='ltr'>et</span> <span class='ocrx_word' id='word_1_119' title='bbox 1351 1329 1531 1382; x_wconf 89' lang='lat' dir='ltr'>digitum</span> <span class='ocrx_word' id='word_1_120' title='bbox 1555 1326 1766 1381; x_wconf 87' lang='lat' dir='ltr'>specificat</span> 
     </span>
     <span class='ocr_line' id='line_1_22' title="bbox 445 1397 1821 1454; baseline -0.002 -15"><span class='ocrx_word' id='word_1_121' title='bbox 445 1400 679 1453; x_wconf 84' lang='lat' dir='ltr'>expressius</span> <span class='ocrx_word' id='word_1_122' title='bbox 732 1414 863 1454; x_wconf 84' lang='lat' dir='ltr'>quam</span> <span class='ocrx_word' id='word_1_123' title='bbox 914 1414 1042 1453; x_wconf 90' lang='lat' dir='ltr'>supra</span> <span class='ocrx_word' id='word_1_124' title='bbox 1094 1399 1430 1453; x_wconf 87' lang='lat' dir='ltr'>applicacionem</span> <span class='ocrx_word' id='word_1_125' title='bbox 1481 1397 1675 1451; x_wconf 86' lang='lat' dir='ltr'>potencie</span> <span class='ocrx_word' id='word_1_126' title='bbox 1726 1405 1821 1436; x_wconf 73' lang='lat' dir='ltr'>et15</span> 
     </span>
     <span class='ocr_line' id='line_1_23' title="bbox 443 1466 1762 1523; baseline -0.003 -15"><span class='ocrx_word' id='word_1_127' title='bbox 443 1471 672 1523; x_wconf 85' lang='lat' dir='ltr'>prudencie</span> <span class='ocrx_word' id='word_1_128' title='bbox 705 1471 755 1510; x_wconf 88' lang='lat' dir='ltr'>ad</span> <span class='ocrx_word' id='word_1_129' title='bbox 780 1471 923 1510; x_wconf 88' lang='lat' dir='ltr'>sedule</span> <span class='ocrx_word' id='word_1_130' title='bbox 958 1471 1237 1523; x_wconf 88' lang='lat' dir='ltr'>operandum.</span> <span class='ocrx_word' id='word_1_131' title='bbox 1272 1471 1382 1510; x_wconf 88' lang='lat' dir='ltr'>Nam</span> <span class='ocrx_word' id='word_1_132' title='bbox 1413 1482 1562 1508; x_wconf 88' lang='lat' dir='ltr'>manus</span> <span class='ocrx_word' id='word_1_133' title='bbox 1586 1477 1625 1508; x_wconf 88' lang='lat' dir='ltr'>et</span> <span class='ocrx_word' id='word_1_134' title='bbox 1648 1466 1762 1520; x_wconf 84' lang='lat' dir='ltr'>digiti</span> 
     </span>
     <span class='ocr_line' id='line_1_24' title="bbox 441 1537 1763 1594; baseline -0.003 -14"><span class='ocrx_word' id='word_1_135' title='bbox 441 1550 539 1581; x_wconf 88' lang='lat' dir='ltr'>sunt</span> <span class='ocrx_word' id='word_1_136' title='bbox 584 1541 804 1594; x_wconf 86' lang='lat' dir='ltr'>propiores</span> <span class='ocrx_word' id='word_1_137' title='bbox 849 1555 979 1594; x_wconf 89' lang='lat' dir='ltr'>quam</span> <span class='ocrx_word' id='word_1_138' title='bbox 1023 1540 1243 1580; x_wconf 85' lang='lat' dir='ltr'>brachium</span> <span class='ocrx_word' id='word_1_139' title='bbox 1294 1539 1403 1580; x_wconf 85' lang='lat' dir='ltr'>actui</span> <span class='ocrx_word' id='word_1_140' title='bbox 1451 1537 1672 1592; x_wconf 70' lang='lat' dir='ltr'>operandi,</span> <span class='ocrx_word' id='word_1_141' title='bbox 1725 1545 1763 1576; x_wconf 86' lang='lat' dir='ltr'>et</span> 
     </span>
     <span class='ocr_line' id='line_1_25' title="bbox 441 1607 1761 1664; baseline -0.005 -13"><span class='ocrx_word' id='word_1_142' title='bbox 441 1620 581 1664; x_wconf 87' lang='lat' dir='ltr'>potest</span> <span class='ocrx_word' id='word_1_143' title='bbox 626 1624 734 1664; x_wconf 84' lang='lat' dir='ltr'>opus</span> <span class='ocrx_word' id='word_1_144' title='bbox 773 1610 901 1651; x_wconf 91' lang='lat' dir='ltr'>huius</span> <span class='ocrx_word' id='word_1_145' title='bbox 943 1610 1096 1650; x_wconf 88' lang='lat' dir='ltr'>femine</span> <span class='ocrx_word' id='word_1_146' title='bbox 1136 1611 1215 1650; x_wconf 89' lang='lat' dir='ltr'>dici</span> <span class='ocrx_word' id='word_1_147' title='bbox 1258 1609 1376 1664; x_wconf 89' lang='lat' dir='ltr'>forte,</span> <span class='ocrx_word' id='word_1_148' title='bbox 1423 1609 1521 1663; x_wconf 91' lang='lat' dir='ltr'>quia</span> <span class='ocrx_word' id='word_1_149' title='bbox 1554 1607 1761 1649; x_wconf 85' lang='lat' dir='ltr'>collectim</span> 
     </span>
     <span class='ocr_line' id='line_1_26' title="bbox 441 1680 1762 1735; baseline -0.004 -14"><span class='ocrx_word' id='word_1_150' title='bbox 441 1681 630 1735; x_wconf 88' lang='lat' dir='ltr'>procedit</span> <span class='ocrx_word' id='word_1_151' title='bbox 670 1696 716 1721; x_wconf 86' lang='lat' dir='ltr'>ex</span> <span class='ocrx_word' id='word_1_152' title='bbox 750 1680 909 1721; x_wconf 84' lang='lat' dir='ltr'>viribus</span> <span class='ocrx_word' id='word_1_153' title='bbox 942 1681 1185 1721; x_wconf 81' lang='lat' dir='ltr'>universalis</span> <span class='ocrx_word' id='word_1_154' title='bbox 1221 1680 1391 1720; x_wconf 87' lang='lat' dir='ltr'>ecclesie</span> <span class='ocrx_word' id='word_1_155' title='bbox 1424 1680 1639 1719; x_wconf 84' lang='lat' dir='ltr'>resistente</span> <span class='ocrx_word' id='word_1_156' title='bbox 1672 1686 1762 1717; x_wconf 86' lang='lat' dir='ltr'>toto</span> 
     </span>
     <span class='ocr_line' id='line_1_27' title="bbox 442 1748 1823 1806; baseline -0.004 -14"><span class='ocrx_word' id='word_1_157' title='bbox 442 1766 619 1805; x_wconf 90' lang='lat' dir='ltr'>corpore</span> <span class='ocrx_word' id='word_1_158' title='bbox 651 1752 820 1806; x_wconf 83' lang='lat' dir='ltr'>dyaboli</span> <span class='ocrx_word' id='word_1_159' title='bbox 855 1766 953 1792; x_wconf 91' lang='lat' dir='ltr'>cum</span> <span class='ocrx_word' id='word_1_160' title='bbox 988 1751 1076 1791; x_wconf 88' lang='lat' dir='ltr'>eius</span> <span class='ocrx_word' id='word_1_161' title='bbox 1110 1750 1311 1790; x_wconf 91' lang='lat' dir='ltr'>omnibus</span> <span class='ocrx_word' id='word_1_162' title='bbox 1345 1749 1647 1790; x_wconf 87' lang='lat' dir='ltr'>instrumentis.</span> <span class='ocrx_word' id='word_1_163' title='bbox 1683 1748 1763 1787; x_wconf 87' lang='lat' dir='ltr'>Sed</span> <span class='ocrx_word' id='word_1_164' title='bbox 1781 1769 1823 1791; x_wconf 77' lang='lat'>20</span> 
     </span>
     <span class='ocr_line' id='line_1_28' title="bbox 441 1820 1764 1876; baseline -0.005 -14"><span class='ocrx_word' id='word_1_165' title='bbox 441 1832 651 1876; x_wconf 89' lang='lat' dir='ltr'>quantum</span> <span class='ocrx_word' id='word_1_166' title='bbox 684 1823 735 1862; x_wconf 88' lang='lat' dir='ltr'>ad</span> <span class='ocrx_word' id='word_1_167' title='bbox 769 1836 942 1862; x_wconf 87' lang='lat' dir='ltr'>sensum</span> <span class='ocrx_word' id='word_1_168' title='bbox 975 1822 1218 1861; x_wconf 86' lang='lat' dir='ltr'>habendum</span> <span class='ocrx_word' id='word_1_169' title='bbox 1253 1822 1302 1860; x_wconf 90' lang='lat' dir='ltr'>de</span> <span class='ocrx_word' id='word_1_170' title='bbox 1337 1820 1430 1861; x_wconf 91' lang='lat' dir='ltr'>fuso</span> <span class='ocrx_word' id='word_1_171' title='bbox 1465 1820 1563 1860; x_wconf 90' lang='lat' dir='ltr'>dicit</span> <span class='ocrx_word' id='word_1_172' title='bbox 1586 1832 1764 1872; x_wconf 85' lang='lat' dir='ltr'>magnus</span> 
     </span>
     <span class='ocr_line' id='line_1_29' title="bbox 441 1889 1763 1946; baseline -0.004 -14"><span class='ocrx_word' id='word_1_173' title='bbox 441 1895 588 1933; x_wconf 88' lang='lat' dir='ltr'>doctor</span> <span class='ocrx_word' id='word_1_174' title='bbox 618 1892 884 1946; x_wconf 84' lang='lat' dir='ltr'>Augustinus</span> <span class='ocrx_word' id='word_1_175' title='bbox 931 1893 1048 1946; x_wconf 88' lang='lat' dir='ltr'>quod</span> <span class='ocrx_word' id='word_1_176' title='bbox 1094 1905 1179 1931; x_wconf 90' lang='lat' dir='ltr'>non</span> <span class='ocrx_word' id='word_1_177' title='bbox 1227 1891 1378 1931; x_wconf 88' lang='lat' dir='ltr'>tacebit</span> <span class='ocrx_word' id='word_1_178' title='bbox 1423 1889 1579 1930; x_wconf 86' lang='lat' dir='ltr'>caritati</span> <span class='ocrx_word' id='word_1_179' title='bbox 1622 1898 1763 1928; x_wconf 88' lang='lat' dir='ltr'>nostre</span> 
     </span>
     <span class='ocr_line' id='line_1_30' title="bbox 441 1961 1796 2017; baseline -0.001 -15"><span class='ocrx_word' id='word_1_180' title='bbox 441 1964 558 2017; x_wconf 91' lang='lat' dir='ltr'>quod</span> <span class='ocrx_word' id='word_1_181' title='bbox 591 1963 789 2017; x_wconf 78' lang='lat' dir='ltr'>magister</span> <span class='ocrx_word' id='word_1_182' title='bbox 822 1976 923 2003; x_wconf 85' lang='lat' dir='ltr'>suus</span> <span class='ocrx_word' id='word_1_183' title='bbox 957 1962 1202 2015; x_wconf 84' lang='lat' dir='ltr'>inspirando</span> <span class='ocrx_word' id='word_1_184' title='bbox 1227 1961 1456 2001; x_wconf 86' lang='lat' dir='ltr'>donaverit.</span> <span class='ocrx_word' id='word_1_185' title='bbox 1492 1961 1634 1999; x_wconf 83' lang='lat' dir='ltr'>Primo</span> <span class='ocrx_word' id='word_1_186' title='bbox 1667 1972 1796 2012; x_wconf 82' lang='lat' dir='ltr'>ergo1</span> 
     </span>
     <span class='ocr_line' id='line_1_31' title="bbox 441 2029 1758 2087; baseline -0.005 -13"><span class='ocrx_word' id='word_1_187' title='bbox 441 2033 645 2087; x_wconf 87' lang='lat' dir='ltr'>supponit</span> <span class='ocrx_word' id='word_1_188' title='bbox 683 2033 801 2086; x_wconf 91' lang='lat' dir='ltr'>quod</span> <span class='ocrx_word' id='word_1_189' title='bbox 851 2032 1098 2072; x_wconf 86' lang='lat' dir='ltr'>christianus</span> <span class='ocrx_word' id='word_1_190' title='bbox 1145 2032 1219 2071; x_wconf 88' lang='lat' dir='ltr'>scit</span> <span class='ocrx_word' id='word_1_191' title='bbox 1265 2033 1369 2071; x_wconf 88' lang='lat' dir='ltr'>bene</span> <span class='ocrx_word' id='word_1_192' title='bbox 1402 2031 1504 2085; x_wconf 83' lang='lat' dir='ltr'>quid</span> <span class='ocrx_word' id='word_1_193' title='bbox 1546 2030 1685 2070; x_wconf 82' lang='lat' dir='ltr'>fecerit</span> <span class='ocrx_word' id='word_1_194' title='bbox 1719 2029 1758 2067; x_wconf 91' lang='lat' dir='ltr'>in</span> 
     </span>
     <span class='ocr_line' id='line_1_32' title="bbox 442 2099 1822 2158; baseline -0.002 -17"><span class='ocrx_word' id='word_1_195' title='bbox 442 2104 702 2158; x_wconf 86' lang='lat' dir='ltr'>preteritum,</span> <span class='ocrx_word' id='word_1_196' title='bbox 754 2104 824 2142; x_wconf 86' lang='lat' dir='ltr'>sed</span> <span class='ocrx_word' id='word_1_197' title='bbox 870 2102 1034 2157; x_wconf 83' lang='lat' dir='ltr'>ignorat</span> <span class='ocrx_word' id='word_1_198' title='bbox 1078 2102 1178 2156; x_wconf 83' lang='lat' dir='ltr'>quid</span> <span class='ocrx_word' id='word_1_199' title='bbox 1224 2111 1296 2142; x_wconf 89' lang='lat' dir='ltr'>aut</span> <span class='ocrx_word' id='word_1_200' title='bbox 1336 2102 1513 2155; x_wconf 85' lang='lat' dir='ltr'>qualiter</span> <span class='ocrx_word' id='word_1_201' title='bbox 1553 2101 1673 2140; x_wconf 84' lang='lat' dir='ltr'>saciet</span> <span class='ocrx_word' id='word_1_202' title='bbox 1718 2099 1758 2138; x_wconf 92' lang='lat' dir='ltr'>in</span> <span class='ocrx_word' id='word_1_203' title='bbox 1785 2110 1822 2143; x_wconf 63' lang='lat'>23</span> 
     </span>
     <span class='ocr_line' id='line_1_33' title="bbox 443 2171 1806 2226; baseline -0.004 -12"><span class='ocrx_word' id='word_1_204' title='bbox 443 2175 647 2215; x_wconf 80' lang='lat' dir='ltr'>futurum.</span> <span class='ocrx_word' id='word_1_205' title='bbox 684 2174 880 2213; x_wconf 83' lang='lat' dir='ltr'>Secundo</span> <span class='ocrx_word' id='word_1_206' title='bbox 921 2173 1179 2226; x_wconf 82' lang='lat' dir='ltr'>supponitur</span> <span class='ocrx_word' id='word_1_207' title='bbox 1211 2173 1327 2225; x_wconf 85' lang='lat' dir='ltr'>quod</span> <span class='ocrx_word' id='word_1_208' title='bbox 1366 2173 1467 2225; x_wconf 77' lang='lat' dir='ltr'>pius</span> <span class='ocrx_word' id='word_1_209' title='bbox 1507 2171 1806 2214; x_wconf 71' lang='lat' dir='ltr'>clzristicvzus2</span> 
     </span>
     <span class='ocr_line' id='line_1_34' title="bbox 443 2241 1768 2298; baseline -0.003 -14"><span class='ocrx_word' id='word_1_210' title='bbox 443 2245 492 2284; x_wconf 80' lang='lat' dir='ltr'>de</span> <span class='ocrx_word' id='word_1_211' title='bbox 515 2245 679 2298; x_wconf 76' lang='lat' dir='ltr'>futuro</span> <span class='ocrx_word' id='word_1_212' title='bbox 718 2257 844 2297; x_wconf 75' lang='lat' dir='ltr'>opere</span> <span class='ocrx_word' id='word_1_213' title='bbox 883 2244 989 2283; x_wconf 76' lang='lat' dir='ltr'>bom&gt;</span> <span class='ocrx_word' id='word_1_214' title='bbox 1024 2244 1154 2292; x_wconf 77' lang='lat' dir='ltr'>timet,</span> <span class='ocrx_word' id='word_1_215' title='bbox 1201 2243 1251 2282; x_wconf 78' lang='lat' dir='ltr'>dc</span> <span class='ocrx_word' id='word_1_216' title='bbox 1276 2243 1482 2295; x_wconf 73' lang='lat' dir='ltr'>preterito</span> <span class='ocrx_word' id='word_1_217' title='bbox 1515 2241 1688 2296; x_wconf 75' lang='lat' dir='ltr'>gaudet,</span> <span class='ocrx_word' id='word_1_218' title='bbox 1730 2248 1768 2280; x_wconf 80' lang='lat' dir='ltr'>et</span> 
     </span>
     <span class='ocr_line' id='line_1_35' title="bbox 445 2311 1767 2368; baseline -0.003 -14"><span class='ocrx_word' id='word_1_219' title='bbox 445 2323 487 2354; x_wconf 86' lang='lat' dir='ltr'>ut</span> <span class='ocrx_word' id='word_1_220' title='bbox 513 2321 758 2368; x_wconf 66' lang='lat' dir='ltr'>perseveret</span> <span class='ocrx_word' id='word_1_221' title='bbox 790 2315 831 2352; x_wconf 82' lang='lat' dir='ltr'>in</span> <span class='ocrx_word' id='word_1_222' title='bbox 865 2314 982 2353; x_wconf 75' lang='lat' dir='ltr'>honis</span> <span class='ocrx_word' id='word_1_223' title='bbox 1007 2313 1204 2366; x_wconf 73' lang='lat' dir='ltr'>operibus</span> <span class='ocrx_word' id='word_1_224' title='bbox 1238 2320 1361 2352; x_wconf 78' lang='lat' dir='ltr'>caute</span> <span class='ocrx_word' id='word_1_225' title='bbox 1383 2313 1546 2367; x_wconf 69' lang='lat' dir='ltr'>vigilat,</span> <span class='ocrx_word' id='word_1_226' title='bbox 1584 2311 1767 2365; x_wconf 79' lang='lat' dir='ltr'>nesortc</span> 
     </span>
     <span class='ocr_line' id='line_1_36' title="bbox 444 2382 1768 2439; baseline -0.003 -15"><span class='ocrx_word' id='word_1_227' title='bbox 444 2386 665 2439; x_wconf 71' lang='lat' dir='ltr'>negligens</span> <span class='ocrx_word' id='word_1_228' title='bbox 697 2385 961 2437; x_wconf 77' lang='lat' dir='ltr'>futurorum</span> <span class='ocrx_word' id='word_1_229' title='bbox 991 2384 1146 2437; x_wconf 74' lang='lat' dir='ltr'>perdat</span> <span class='ocrx_word' id='word_1_230' title='bbox 1173 2384 1443 2436; x_wconf 74' lang='lat' dir='ltr'>preteritum,</span> <span class='ocrx_word' id='word_1_231' title='bbox 1484 2390 1522 2422; x_wconf 73' lang='lat' dir='ltr'>et</span> <span class='ocrx_word' id='word_1_232' title='bbox 1553 2383 1613 2422; x_wconf 74' lang='lat' dir='ltr'>sic</span> <span class='ocrx_word' id='word_1_233' title='bbox 1647 2382 1768 2421; x_wconf 74' lang='lat' dir='ltr'>habet</span> 
     </span>
     <span class='ocr_line' id='line_1_37' title="bbox 427 2451 1808 2509; baseline -0.004 -14"><span class='ocrx_word' id='word_1_234' title='bbox 427 2457 611 2509; x_wconf 80' lang='lat' dir='ltr'>firmam</span> <span class='ocrx_word' id='word_1_235' title='bbox 635 2455 938 2494; x_wconf 71' lang='lat' dir='ltr'>conscienciam</span> <span class='ocrx_word' id='word_1_236' title='bbox 965 2455 1015 2493; x_wconf 85' lang='lat' dir='ltr'>de</span> <span class='ocrx_word' id='word_1_237' title='bbox 1046 2454 1156 2494; x_wconf 80' lang='lat' dir='ltr'>facto</span> <span class='ocrx_word' id='word_1_238' title='bbox 1181 2463 1219 2493; x_wconf 85' lang='lat' dir='ltr'>ct</span> <span class='ocrx_word' id='word_1_239' title='bbox 1244 2468 1328 2493; x_wconf 89' lang='lat' dir='ltr'>non</span> <span class='ocrx_word' id='word_1_240' title='bbox 1353 2454 1403 2492; x_wconf 89' lang='lat' dir='ltr'>de</span> <span class='ocrx_word' id='word_1_241' title='bbox 1428 2453 1580 2492; x_wconf 86' lang='lat' dir='ltr'>fiendo.</span> <span class='ocrx_word' id='word_1_242' title='bbox 1616 2451 1767 2492; x_wconf 86' lang='lat' dir='ltr'>Tercio</span> <span class='ocrx_word' id='word_1_243' title='bbox 1783 2464 1808 2495; x_wconf 86' lang='lat'><strong>3</strong></span> 
     </span>
     <span class='ocr_line' id='line_1_38' title="bbox 444 2523 1767 2579; baseline -0.004 -14"><span class='ocrx_word' id='word_1_244' title='bbox 444 2526 645 2579; x_wconf 85' lang='lat' dir='ltr'>supponit</span> <span class='ocrx_word' id='word_1_245' title='bbox 669 2526 784 2579; x_wconf 77' lang='lat' dir='ltr'>quod</span> <span class='ocrx_word' id='word_1_246' title='bbox 807 2525 846 2563; x_wconf 91' lang='lat' dir='ltr'>in</span> <span class='ocrx_word' id='word_1_247' title='bbox 881 2534 964 2565; x_wconf 86' lang='lat' dir='ltr'>arte</span> <span class='ocrx_word' id='word_1_248' title='bbox 998 2524 1122 2564; x_wconf 84' lang='lat' dir='ltr'>nendi</span> <span class='ocrx_word' id='word_1_249' title='bbox 1158 2523 1311 2564; x_wconf 85' lang='lat' dir='ltr'>lanifici</span> <span class='ocrx_word' id='word_1_250' title='bbox 1343 2524 1585 2563; x_wconf 87' lang='lat' dir='ltr'>involutum</span> <span class='ocrx_word' id='word_1_251' title='bbox 1608 2523 1648 2561; x_wconf 90' lang='lat' dir='ltr'>in</span> <span class='ocrx_word' id='word_1_252' title='bbox 1673 2523 1767 2561; x_wconf 86' lang='lat' dir='ltr'>colo</span> 
     </span>
     <span class='ocr_line' id='line_1_39' title="bbox 445 2592 1766 2645; baseline -0.003 -11"><span class='ocrx_word' id='word_1_253' title='bbox 445 2596 637 2635; x_wconf 85' lang='lat' dir='ltr'>nondum</span> <span class='ocrx_word' id='word_1_254' title='bbox 679 2595 943 2635; x_wconf 75' lang='lat' dir='ltr'>artifieiatum</span> <span class='ocrx_word' id='word_1_255' title='bbox 978 2603 1038 2635; x_wconf 85' lang='lat' dir='ltr'>est</span> <span class='ocrx_word' id='word_1_256' title='bbox 1071 2595 1110 2633; x_wconf 94' lang='lat' dir='ltr'>in</span> <span class='ocrx_word' id='word_1_257' title='bbox 1146 2594 1279 2634; x_wconf 88' lang='lat' dir='ltr'>forma</span> <span class='ocrx_word' id='word_1_258' title='bbox 1314 2593 1385 2645; x_wconf 82' lang='lat' dir='ltr'>fili,</span> <span class='ocrx_word' id='word_1_259' title='bbox 1419 2594 1490 2633; x_wconf 90' lang='lat' dir='ltr'>sed</span> <span class='ocrx_word' id='word_1_260' title='bbox 1524 2594 1574 2633; x_wconf 90' lang='lat' dir='ltr'>ab</span> <span class='ocrx_word' id='word_1_261' title='bbox 1608 2593 1678 2631; x_wconf 91' lang='lat' dir='ltr'>illo</span> <span class='ocrx_word' id='word_1_262' title='bbox 1717 2592 1766 2631; x_wconf 87' lang='lat' dir='ltr'>ad</span> 
     </span>
     <span class='ocr_line' id='line_1_40' title="bbox 446 2665 1144 2718; baseline -0.003 -13"><span class='ocrx_word' id='word_1_263' title='bbox 446 2665 586 2705; x_wconf 83' lang='lat' dir='ltr'>susum</span> <span class='ocrx_word' id='word_1_264' title='bbox 621 2665 810 2718; x_wconf 74' lang='lat' dir='ltr'>trahitur,</span> <span class='ocrx_word' id='word_1_265' title='bbox 845 2679 927 2705; x_wconf 87' lang='lat' dir='ltr'>non</span> <span class='ocrx_word' id='word_1_266' title='bbox 963 2673 1144 2704; x_wconf 88' lang='lat' dir='ltr'>econtra.</span> 
     </span>
    </p>
   </div>
   <div class='ocr_carea' id='block_1_5' title="bbox 445 2824 1769 2954">
    <p class='ocr_par' dir='ltr' id='par_1_6' title="bbox 445 2824 1769 2954">
     <span class='ocr_line' id='line_1_41' title="bbox 498 2824 1767 2861; baseline -0.002 -8"><span class='ocrx_word' id='word_1_267' title='bbox 498 2827 709 2854; x_wconf 80' lang='lat' dir='ltr'>2.1ne0dd.:</span> <span class='ocrx_word' id='word_1_268' title='bbox 739 2834 771 2851; x_wconf 85' lang='lat' dir='ltr'>se</span> <span class='ocrx_word' id='word_1_269' title='bbox 803 2826 917 2860; x_wconf 72' lang='lat' dir='ltr'>ipsum.</span> <span class='ocrx_word' id='word_1_270' title='bbox 1064 2834 1087 2861; x_wconf 79' lang='lat'>7.</span> <span class='ocrx_word' id='word_1_271' title='bbox 1117 2827 1153 2853; x_wconf 73' lang='lat'>13:</span> <span class='ocrx_word' id='word_1_272' title='bbox 1188 2826 1257 2853; x_wconf 87' lang='lat' dir='ltr'>inde</span> <span class='ocrx_word' id='word_1_273' title='bbox 1283 2833 1343 2860; x_wconf 86' lang='lat' dir='ltr'>qna</span> <span class='ocrx_word' id='word_1_274' title='bbox 1375 2825 1443 2853; x_wconf 79' lang='lat' dir='ltr'>viat.</span> <span class='ocrx_word' id='word_1_275' title='bbox 1592 2832 1632 2851; x_wconf 86' lang='grc' dir='ltr'>ιο.</span> <span class='ocrx_word' id='word_1_276' title='bbox 1663 2825 1691 2851; x_wconf 80' lang='grc' dir='ltr'>Α</span> <span class='ocrx_word' id='word_1_277' title='bbox 1711 2824 1767 2858; x_wconf 58' lang='lat' dir='ltr'>Al:</span> 
     </span>
     <span class='ocr_line' id='line_1_42' title="bbox 445 2870 1767 2901; baseline -0.002 -1"><span class='ocrx_word' id='word_1_278' title='bbox 445 2875 547 2901; x_wconf 85' lang='lat' dir='ltr'>oleum</span> <span class='ocrx_word' id='word_1_279' title='bbox 578 2873 674 2900; x_wconf 84' lang='lat' dir='ltr'>deest.</span> <span class='ocrx_word' id='word_1_280' title='bbox 819 2880 857 2899; x_wconf 78' lang='lat'>12.</span> <span class='ocrx_word' id='word_1_281' title='bbox 886 2873 916 2898; x_wconf 80' lang='lat' dir='ltr'>ln</span> <span class='ocrx_word' id='word_1_282' title='bbox 951 2873 1058 2900; x_wconf 75' lang='lat' dir='ltr'>codd:</span> <span class='ocrx_word' id='word_1_283' title='bbox 1092 2872 1127 2899; x_wconf 82' lang='lat' dir='ltr'>Ul</span> <span class='ocrx_word' id='word_1_284' title='bbox 1149 2878 1270 2899; x_wconf 79' lang='lat' dir='ltr'>octavo.</span> <span class='ocrx_word' id='word_1_285' title='bbox 1293 2873 1337 2899; x_wconf 80' lang='lat' dir='ltr'>A:</span> <span class='ocrx_word' id='word_1_286' title='bbox 1362 2871 1462 2899; x_wconf 76' lang='lat' dir='ltr'>Litora</span> <span class='ocrx_word' id='word_1_287' title='bbox 1486 2871 1509 2898; x_wconf 77' lang='lat'>1&lt;</span> <span class='ocrx_word' id='word_1_288' title='bbox 1538 2872 1566 2898; x_wconf 90' lang='lat' dir='ltr'>in</span> <span class='ocrx_word' id='word_1_289' title='bbox 1591 2872 1658 2897; x_wconf 80' lang='lat' dir='ltr'>loco</span> <span class='ocrx_word' id='word_1_290' title='bbox 1681 2870 1767 2897; x_wconf 84' lang='lat' dir='ltr'>inser.</span> 
     </span>
     <span class='ocr_line' id='line_1_43' title="bbox 446 2916 1769 2954; baseline -0.002 -9"><span class='ocrx_word' id='word_1_291' title='bbox 446 2922 487 2946; x_wconf 59' lang='lat'>2¹³.</span> <span class='ocrx_word' id='word_1_292' title='bbox 511 2921 536 2946; x_wconf 83' lang='lat' dir='ltr'><strong>A</strong></span> <span class='ocrx_word' id='word_1_293' title='bbox 562 2920 590 2945; x_wconf 84' lang='lat' dir='ltr'>in</span> <span class='ocrx_word' id='word_1_294' title='bbox 614 2928 728 2953; x_wconf 42' lang='lat' dir='ltr'>marga</span> <span class='ocrx_word' id='word_1_295' title='bbox 761 2919 888 2954; x_wconf 79' lang='lat' dir='ltr'>Triplex</span> <span class='ocrx_word' id='word_1_296' title='bbox 912 2920 1104 2954; x_wconf 78' lang='lat' dir='ltr'>supposicio.</span> <span class='ocrx_word' id='word_1_297' title='bbox 1256 2927 1300 2952; x_wconf 49' lang='lat'>25.</span> <span class='ocrx_word' id='word_1_298' title='bbox 1342 2918 1379 2945; x_wconf 71' lang='lat'>13:</span> <span class='ocrx_word' id='word_1_299' title='bbox 1418 2918 1569 2952; x_wconf 79' lang='lat' dir='ltr'>supponit</span> <span class='ocrx_word' id='word_1_300' title='bbox 1592 2917 1675 2952; x_wconf 84' lang='lat' dir='ltr'>quod</span> <span class='ocrx_word' id='word_1_301' title='bbox 1699 2916 1769 2951; x_wconf 79' lang='lat' dir='ltr'>pius</span> 
     </span>
    </p>
   </div>
   <div class='ocr_carea' id='block_1_6' title="bbox 445 2967 561 2993">
    <p class='ocr_par' dir='ltr' id='par_1_7' title="bbox 445 2967 561 2993">
     <span class='ocr_line' id='line_1_44' title="bbox 445 2967 561 2993; baseline -0.009 0"><span class='ocrx_word' id='word_1_302' title='bbox 445 2967 561 2993; x_wconf 77' lang='lat' dir='ltr'>fecerit.</span> 
     </span>
    </p>
   </div>
  </div>
 </body>
</html>
