2045 3312
111 296 190 336 292
836 286 1061 321 ,IOHANNIS
1086 285 1281 318 WYCLIF,
1522 269 1629 328 [CAP.
1642 279 1723 309 xm.

401 396 518 449 quod
540 395 573 435 si
597 395 856 434 dislocantur
885 403 925 433 et
958 391 1249 432 innaturaliter
1282 398 1525 443 pascuntur,
1556 401 1723 428 necesse
1743 398 1878 442 1702M

402 475 462 506 est
493 474 540 506 ut
571 465 613 505 in
647 465 737 505 aliis
770 463 972 504 membris
1004 461 1077 502 fiat
1110 460 1329 502 discordia.

129 546 364 608 ,Antheaeevilsl
461 536 584 577 Unde
637 536 760 575 credo
813 534 929 588 quod
981 546 1204 586 nunquam
1247 531 1289 570 in
1335 543 1511 584 corpore
1556 528 1725 568 ecclesie

129 582 375 679 Hiijtr'iiliflssiigiiil
404 606 579 647 cessabit
623 604 867 659 simpliciter
914 603 1088 655 bellum,
1134 602 1258 642 dolus
1311 610 1436 654 atque
1489 598 1725 651 contencio,

147 662 206 679 um
229 668 237 679 ⁸
262 659 356 679 meg&
403 686 633 731 antequam
676 675 772 715 cleri
818 674 1056 726 dislocacio,
1091 671 1287 713 secularis
1319 670 1446 712 officii
1479 669 1761 723 usurpacio,5

405 757 445 788 et
477 761 550 801 per
583 759 848 800 consequens
883 744 1010 785 officii
1058 742 1331 797 speculatoris
1364 741 1540 782 omissio
1573 740 1625 780 sit
1656 753 1730 793 per

403 818 605 858 virtutem
638 816 856 870 regitivam
889 814 1060 855 ecclesie
1091 813 1299 865 restituta3
1332 813 1373 852 in
1405 820 1521 852 tanta
1544 823 1728 864 namque

404 888 595 929 armonia
639 886 867 927 constituta
912 894 974 926 est
1018 898 1112 938 pars
1164 883 1315 924 mundi
1368 881 1559 936 superior
1613 880 1729 935 quod

406 959 642 998 secundum
691 957 1090 998 Commentatorem
1140 968 1226 995 una
1277 953 1395 994 stella
1446 952 1586 992 addita
1639 951 1729 990 celo

404 1029 470 1068 vel
515 1036 708 1068 moveret
740 1041 839 1068 cum
872 1025 1123 1079 fatigacione
1156 1034 1195 1064 et
1227 1037 1349 1077 pena,
1381 1022 1447 1062 vel
1487 1020 1731 1075 simpliciter
1752 1043 1789 1064 10

407 1112 494 1139 non
529 1107 738 1150 moveret3
771 1107 812 1137 et
844 1096 982 1136 multo
1014 1094 1149 1148 magis
1172 1094 1214 1133 in
1237 1107 1367 1147 regno
1397 1092 1586 1132 celorum
1616 1091 1732 1145 quod

407 1179 467 1210 est
506 1169 678 1210 ecclesia
718 1167 993 1208 contrariacio
1034 1165 1304 1219 superiorum
1337 1177 1415 1204 suo
1447 1162 1605 1203 motori
1637 1161 1733 1201 facit

407 1241 523 1294 quod
567 1248 655 1279 tota
688 1238 859 1279 ecclesia
892 1236 1158 1291 fatigabiliter
1180 1235 1232 1275 sit
1254 1234 1431 1274 turbata.
1456 1234 1569 1273 Tota
1591 1240 1733 1272 autem

409 1309 685 1351 contrariacio
734 1317 815 1349 stat
858 1308 901 1347 in
946 1307 1028 1347 hoc
1061 1306 1178 1361 quod
1210 1306 1323 1345 bona
1355 1303 1605 1357 temporalia
1638 1302 1733 1355 plus

408 1381 530 1421 bonis
575 1379 789 1433 perpetuis
824 1387 923 1418 sunt
966 1385 1117 1419 amata.
1167 1376 1266 1415 Ideo
1298 1389 1348 1415 ve
1380 1374 1460 1414 illis
1504 1373 1577 1427 qui
1610 1373 1734 1412 stulte
1755 1383 1791 1415 15

410 1451 568 1491 faciunt
615 1451 658 1490 in
714 1449 940 1490 affeccione
991 1457 1207 1502 pastorum
1263 1444 1514 1499 temporalia
1565 1442 1732 1497 spiritu-

410 1521 543 1562 alibus
576 1520 789 1574 anteponi.

147 1596 216 1625 Tne
236 1596 370 1632 security
469 1592 511 1632 Si
545 1601 687 1632 autem
721 1589 866 1644 prelati
900 1588 982 1628 sint
1015 1588 1148 1642 magis
1181 1586 1306 1638 avari,
1330 1585 1505 1626 honoris
1528 1583 1734 1624 mundani

156 1641 165 1659 1
189 1637 198 1659 t
299 1640 325 1657 ³s

127 1630 506 1716 ghgfflcvffliesstsoifsplus
551 1661 706 1715 cupidi,
740 1661 835 1714 plus
879 1659 1066 1699 viventes
1111 1658 1348 1698 secundum
1391 1655 1547 1696 fastum
1592 1654 1734 1706 seculi,

156 1711 172 1730 a
192 1703 268 1730 m&
290 1709 360 1729 om·
411 1746 484 1786 per
507 1732 611 1771 bella
646 1731 823 1772 excitata
852 1731 902 1770 de
935 1729 1056 1770 bonis
1085 1741 1324 1782 pauperum
1353 1728 1403 1766 ad
1431 1725 1734 1766 vindicandum
1753 1746 1794 1768 20

412 1803 602 1857 proprias
649 1802 822 1842 iniurias
868 1800 1053 1854 amplius
1098 1798 1355 1839 secularibus
1399 1797 1650 1847 insistentes,
1697 1804 1735 1834 et

414 1872 549 1929 (quod
603 1872 1011 1926 periculosissimum
1064 1869 1141 1922 est)
1195 1870 1272 1909 sub
1325 1868 1453 1922 pallio
1507 1865 1737 1907 sanctitatis

414 1944 616 1998 quicquid
649 1942 976 1997 perpetraverint
1014 1940 1112 1981 fuco
1145 1938 1406 1980 adulterandi
1446 1938 1624 1977 verbum
1663 1935 1739 1975 Dei

415 2014 642 2067 sophistice
695 2013 979 2063 defendentes,
1033 2012 1257 2065 quomodo
1311 2023 1408 2050 cum
1453 2008 1534 2048 isto
1582 2007 1738 2047 circulo

417 2085 596 2139 quinarii
630 2084 754 2124 stabit
786 2079 990 2137 regnum?
1014 2082 1110 2122 Scio
1135 2082 1251 2135 quod
1285 2080 1326 2120 in
1360 2080 1437 2119 ista
1470 2088 1560 2118 rota
1594 2090 1739 2118 currus
1758 2086 1797 2118 25

416 2155 571 2195 diaboli
606 2154 906 2194 seducerentur
950 2151 1003 2206 (si
1037 2151 1122 2191 fieri
1157 2148 1314 2205 potest)
1362 2149 1495 2189 eciam
1528 2147 1660 2199 electi,
1701 2156 1739 2186 et

416 2239 502 2265 non
527 2225 582 2264 sic
606 2232 851 2277 preparatur
882 2224 934 2263 ad
966 2222 1032 2261 hic
1066 2222 1309 2274 augendum
1334 2219 1545 2272 populum
1576 2216 1736 2257 domini

416 2296 487 2335 sed
520 2295 747 2335 satellitum
779 2292 1037 2334 Antichristi.

476 2366 528 2405 Et
575 2374 784 2419 quantum
816 2365 868 2404 ad
901 2363 1129 2404 secundam
1163 2369 1327 2415 partem
1359 2358 1580 2411 assumpti,
1626 2365 1788 2410 patetN

419 2437 533 2490 quod
566 2435 789 2476 infideliter
832 2434 1076 2474 vendicatur
1110 2447 1133 2472 a
1167 2431 1324 2472 clericis
1359 2431 1399 2469 in
1434 2429 1585 2469 talibus
1618 2428 1737 2467 dota-
1757 2438 1798 2469 ’δυ

419 2506 612 2546 cionibus
656 2520 679 2545 a
724 2505 887 2545 mundo
933 2504 1150 2553 securitas;
1216 2516 1314 2541 nam
1375 2509 1484 2540 carta
1537 2497 1738 2549 evangelii

419 2590 549 2629 quam
582 2575 776 2615 Christus
810 2574 1015 2615 concessit
1069 2587 1155 2613 non
1198 2580 1337 2625 potest
1369 2569 1555 2610 deficere.
1621 2568 1742 2608 Unde

420 2645 595 2686 Matthei
641 2646 732 2694 VI0‚
780 2648 845 2698 25,
892 2644 1067 2698 precipit
1107 2644 1216 2683 clero
1256 2656 1333 2682 suo
1368 2654 1418 2680 ne
1449 2640 1502 2680 sit
1533 2639 1742 2680 sollicitus

474 2841 500 2870 3.
521 2843 549 2871 A
570 2842 601 2869 in
622 2848 737 2876 marga
758 2839 849 2867 Nola.
952 2838 992 2865 19.
1014 2839 1042 2866 A
1063 2838 1093 2865 in
1114 2845 1230 2872 marga
1250 2835 1332 2864 Nota
1352 2835 1499 2872 quinque.
1586 2842 1623 2861 21.
1638 2841 1679 2861 22.
1702 2833 1739 2860 1³:

423 2895 449 2917 cl
472 2898 526 2924 per
546 2889 640 2925 quod.
775 2895 818 2921 :¹22
847 2887 882 2913 Ιῑε
907 2888 964 2913 hoc
985 2887 1177 2920 :lugendnnffi
1200 2887 1255 2919 A,:
1277 2883 1320 2910 sic
1341 2883 1506 2917 agendum.
1634 2889 1678 2918 29.
1701 2880 1740 2907 13:

423 2936 548 2964 terciam
572 2940 700 2971 partem.
