2045 3312
284 274 373 302 CAP.
396 264 491 322 xix]
794 276 852 307 DE
880 274 1114 307 ECCLEsm.
1804 263 1888 314 469

125 393 265 440 X193b
281 394 320 424 et
362 382 525 424 iudiciis
571 382 703 436 prime
735 380 909 421 iusticie.
963 380 1003 420 Si
1050 379 1162 420 enim
1207 381 1441 420 secundum
1487 381 1598 434 leges
1631 387 1746 448 Judgeosl
1767 387 1875 450 άξςὶἀε

280 454 507 494 hominum
567 453 693 492 iudex
754 451 942 491 iudicans
1005 451 1189 491 seculare
1242 450 1482 490 dominium
1535 451 1599 489 vel
1628 430 1871 497 xxr12<2t11sspym5icr>¹gi

280 524 606 565 ecclesiasticum
659 521 851 562 officium
902 535 979 574 pro
1027 530 1245 574 procreato
1294 529 1406 560 extra
1455 520 1597 559 matri-
1648 493 1858 555 Ἥέἶῑῗῗιειξὲω

280 594 477 634 monium
521 608 650 648 quem
682 601 805 632 vocat
849 591 985 632 filium
1034 590 1184 644 populi
1234 599 1273 630 et
1316 590 1598 643 illegitimum,

245 673 660 719 §quantumcunque
693 663 1001 716 predestinatus
1042 672 1081 701 et
1113 661 1262 701 habilis
1302 660 1425 700 fuerit
1458 661 1599 714 quoad

282 736 434 787 Deum,
471 735 606 774 multo
637 733 771 787 magis
795 733 919 773 iudex
943 732 1131 772 iudicans
1162 746 1238 786 pro
1269 731 1447 785 prescito
1472 745 1600 785 quem

280 807 392 846 Deus
415 805 595 846 decrevit
623 804 853 845 inhabilem
884 804 1038 844 iniuste
1066 803 1236 855 iudicat,
1267 803 1366 856 quia
1396 802 1599 842 contrarie

279 876 441 916 iusticie
472 876 573 929 legis
604 875 692 915 Dei.
728 876 813 915 Nec
846 875 955 914 valet
977 873 1072 914 ficta
1095 873 1312 914 excusacio
1346 887 1429 927 qua
1451 871 1601 911 dicitur

279 947 395 1001 quod
418 946 543 986 iudex
566 945 663 986 facit
686 959 808 985 suam
823 944 1091 999 diligenciam
1114 943 1339 983 iudicando
1364 943 1599 983 secundum

225 1037 264 1059 10
281 1031 401 1057 suam
447 1015 664 1067 noticiam,
716 1024 756 1056 et
802 1015 879 1054 nisi
930 1015 1066 1055 forent
1111 1013 1209 1054 talia
1251 1014 1418 1065 iudicia,
1463 1012 1599 1052 maius

279 1088 443 1127 malurn
476 1086 747 1140 contingeret.
782 1087 892 1126 Nam
915 1086 1057 1140 quoad
1079 1084 1265 1138 primum
1299 1092 1461 1124 constat
1483 1084 1599 1137 quod

280 1159 321 1197 in
346 1158 496 1198 talibus
528 1156 749 1210 ambigui8‚
780 1165 923 1196 utrum
946 1156 1098 1196 iniusta
1121 1155 1287 1206 fuerint,
1322 1155 1445 1195 debet
1467 1155 1599 1194 homo

280 1228 460 1268 dubium
506 1227 610 1267 illud
655 1227 864 1267 dimittere
908 1236 948 1267 et
992 1235 1155 1280 partem
1199 1239 1389 1265 securam
1437 1225 1597 1279 eligere.

282 1300 377 1338 Hoc
426 1298 539 1338 enim
585 1299 822 1339 docuerunt
855 1297 1047 1338 Christus
1091 1306 1131 1336 et
1176 1296 1239 1336 sui
1284 1295 1468 1349 apostoli
1513 1304 1599 1334 tam

226 1377 261 1409 15
280 1369 434 1423 scripto
458 1382 588 1423 quam
611 1382 750 1422 opere.
785 1369 837 1407 Et
860 1377 1069 1421 quantum
1098 1368 1150 1406 ad
1173 1367 1401 1406 secundam
1424 1375 1599 1419 partem,

279 1448 393 1493 patet
425 1439 540 1493 quod
576 1452 662 1478 non
699 1448 759 1478 est
791 1439 1054 1492 peccandum
1085 1438 1151 1477 vel
1182 1436 1397 1476 venialiter
1428 1445 1600 1489 propter

281 1510 453 1563 aliquod
507 1510 670 1549 bonum
722 1508 923 1562 signabile
977 1507 1283 1561 acquirendum
1329 1506 1394 1545 vel
1439 1506 1601 1546 malum

280 1580 400 1633 culpe
445 1588 517 1620 aut
561 1593 666 1633 pene
712 1593 889 1634 persone
922 1579 986 1619 vel
1031 1587 1236 1632 perpetuo
1277 1577 1598 1630 precavendum.

230 1657 266 1690 Y
338 1650 391 1690 Et
424 1649 579 1689 existis
609 1659 721 1703 patet
753 1649 901 1689 veritas
935 1648 1218 1689 conclusionis
1242 1648 1350 1687 beati
1373 1647 1599 1700 Augustini
1622 1649 1796 1684 Augusti&
1819 1648 1883 1676 said

1626 1685 1688 1712 that
1710 1684 1778 1711 civil
1799 1685 1873 1711 laws

222 1738 263 1760 20
280 1720 469 1774 Epistola
491 1721 705 1761 XXXVIIa
728 1721 780 1760 ad
801 1720 1068 1761 Bonifacium
1091 1720 1208 1773 quod
1237 1719 1347 1771 leges
1373 1719 1599 1758 hominum
1615 1728 1665 1747 ἄϊε
1692 1720 1806 1756 mosny
1833 1728 1890 1746 1¹¹¹·

278 1805 382 1845 quas
433 1799 600 1831 sanctus
650 1800 773 1831 vocat
829 1791 917 1831 iura
976 1790 1109 1830 civilia
1170 1789 1452 1829 communiter
1503 1799 1600 1829 sunt
1719 1759 1789 1789 ’Hit'

278 1861 442 1901 iniuste.
467 1862 577 1901 Nam
610 1861 831 1914 supposito
866 1861 982 1914 quod
1014 1862 1160 1900 Petrus
1194 1860 1246 1899 sit
1278 1859 1599 1912 predestinatus,

279 1932 494 1971 carnaliter
526 1931 781 1984 illegitimus,
814 1931 1039 1970 vendicans
1072 1930 1345 1969 hereditatem
1374 1929 1439 1968 vel
1469 1930 1597 1969 eccle—

278 2001 492 2041 siasticum
526 2001 728 2051 officium,
761 2011 800 2041 et
832 2001 1054 2055 supposito
1078 2001 1194 2054 quod
1216 2000 1371 2039 Paulus
1395 2000 1596 2053 prescitus

225 2078 262 2110 25
282 2072 332 2111 sit
364 2072 591 2126 legiti11mS‚
623 2072 848 2111 vendicans
881 2072 986 2112 illud
1018 2071 1129 2110 idem
1163 2070 1430 2121 beneficium,
1454 2071 1598 2110 Petrus

281 2152 421 2181 tamen
456 2142 603 2181 habilis
637 2152 676 2182 et
697 2143 853 2182 Paulus
887 2141 1080 2181 inhabilis
1114 2142 1258 2195 quoad
1280 2141 1432 2192 Deum,
1457 2150 1495 2180 et
1518 2140 1599 2180 sint

282 2213 366 2252 duo
400 2213 555 2252 iudices
589 2226 775 2266 quorum
802 2212 970 2266 ‘primus
1003 2212 1157 2251 iudicet
1189 2225 1265 2265 pro
1289 2211 1420 2250 Paulo
1453 2224 1598 2250 secun-

281 2284 384 2322 dum
416 2284 525 2337 leges
557 2283 783 2323 hominum
816 2283 1013 2336 allegatas
1047 2292 1085 2322 et
1116 2282 1436 2322 testificaciones
1460 2281 1600 2335 legalis

191 2358 265 2401 103⁶
282 2354 511 2393 testimonii
546 2355 667 2407 plane
690 2354 715 2381 Ψ
737 2354 947 2407 depositas
981 2362 1019 2393 et
1052 2353 1206 2393 iudicet
1238 2352 1448 2392 secundus
1476 2351 1600 2390 iudex

225 2428 266 2460 30
283 2437 361 2476 pro
408 2425 530 2464 Petro
576 2439 623 2464 ex
668 2424 927 2464 revelacione
960 2438 1042 2477 qua
1074 2423 1210 2463 noscit
1242 2423 1381 2462 Deum
1419 2421 1600 2462 iudicare

283 2496 453 2534 Petrum
485 2494 666 2534 habilem
699 2495 750 2534 ad
782 2495 928 2534 datum
966 2493 1220 2533 beneficium
1252 2502 1292 2533 et
1326 2493 1505 2532 Paulum
1537 2491 1598 2531 in-

334 2677 360 2705 8.
382 2679 454 2706 Ain
470 2686 586 2713 marg.:
606 2677 720 2706 Ficcio.
803 2686 844 2714 ις).
866 2679 893 2705 A
914 2678 944 2705 in
967 2685 1081 2713 marg:
1103 2678 1310 2711 Augustinus.
1390 2685 1433 2712 ¹9·
1456 2678 1492 2704 ss:
1514 2678 1598 2713 quod

281 2726 409 2760 veritas;
441 2725 519 2752 beati
539 2724 633 2752 deest.
663 2724 735 2752 Non
758 2725 787 2752 in
809 2727 888 2760 Aug.
910 2724 966 2759 Ep.
992 2724 1170 2752 CLXXXV.
1193 2725 1274 2760 Opp.
1296 2730 1371 2752 tom.
1393 2724 1430 2761 ΙΙ,
1452 2732 1520 2759 pag.
1543 2723 1601 2757 <543

283 2779 366 2807 seqq.
394 2772 446 2799 sed
474 2773 584 2806 pocius
604 2772 633 2799 in
655 2771 786 2807 epistola
812 2772 848 2798 ad
878 2771 1094 2799 Macedonium
1122 2772 1200 2798 hanc
1226 2772 1415 2798 sentenciam
1445 2770 1598 2798 invenies:

283 2818 444 2853 Quaedam
467 2819 545 2846 inter
565 2827 618 2846 eos
640 2819 707 2846 iura
727 2819 956 2845 constituuntur
980 2826 1057 2854 quae
1084 2819 1280 2853 appellantur
1300 2818 1410 2851 civilia,
1434 2826 1494 2845 non
1516 2817 1598 2853 quod

281 2866 353 2892 hinc
374 2865 433 2899 fiat,
455 2871 487 2893 ut
508 2866 585 2893 bene
606 2870 726 2893 utentes
741 2865 811 2892 sint.
830 2886 835 2891 .
853 2886 858 2891 .
876 2886 881 2891 .
906 2864 987 2900 Opp.
1010 2868 1084 2892 tom.
1102 2864 1137 2898 ΙΙ,
1164 2864 1311 2899 pag.53.1.
1455 2871 1497 2890 22.
1520 2865 1546 2891 Α
1568 2863 1598 2890 ἰη

282 2920 398 2947 marg:
419 2912 528 2940 Casus.
