2045 3312
312 243 401 272 CAP.
423 232 508 291 xv]
818 247 876 279 DE
904 246 1141 279 ECCLESIA.
1838 235 1916 290 337

152 365 183 397 F
213 361 527 407 176⁵·tempnant
560 352 821 406 insurgentes
855 351 896 391 in
929 365 1071 404 regem
1117 352 1169 391 ad
1215 351 1278 391 sui
1311 351 1459 405 populi
1505 351 1626 391 detri-

305 431 512 463 mentum.
547 421 703 462 Omnia
724 421 801 461 ista
825 435 1024 475 suppono
1058 436 1106 461 ex
1130 421 1306 461 cronicis
1341 430 1380 461 et
1409 430 1626 475 tamquam

305 493 496 546 proxima
527 506 600 546 per
633 506 674 531 se
707 491 829 531 notis.
864 493 960 532 Non
995 492 1107 532 enim
1130 491 1382 531 tenebantur
1414 505 1527 545 reges
1551 491 1627 531 sub

305 577 412 615 pena
445 562 901 603 excommunicacionis
936 562 1078 602 dotare
1111 576 1232 602 suam
1265 561 1481 602 ecclesiam
1507 563 1627 602 dota-
1654 569 1714 597 and
1736 578 1806 606 may
1825 570 1902 597 have

1652 605 1710 632 had
1732 605 1911 632 conditions

271 645 287 678 5
305 633 425 673 cione
457 641 657 686 perpetua
681 632 776 686 plus
798 632 863 671 vel
886 632 1042 684 minus,
1065 641 1112 672 ut
1134 641 1247 686 patet
1276 646 1323 672 ex
1357 631 1495 684 dictis;
1529 641 1628 672 tunc
1655 641 1910 702 mactrgqa5:113331110qq

306 702 417 742 enim
448 711 687 743 tenerentur
719 703 796 742 sub
830 716 936 755 pena
973 702 1291 756 dampnacionis
1326 703 1486 742 dedisse
1520 702 1630 742 clero
1667 710 1828 761 iorfeittire
1850 711 1889 746 by

307 787 433 813 suum
464 774 592 813 totale
625 773 878 825 dominium,
911 773 1030 813 cuius
1063 773 1311 827 oppositum
1345 787 1555 827 suppono.
1697 749 1867 780 couttmpt.

253 856 290 889 G
363 843 416 883 Et
448 858 495 883 ex
528 843 616 883 istis
648 843 704 883 sic
738 843 945 897 arguitur:
977 844 1018 884 Si
1044 844 1278 884 secundum
1302 844 1425 884 istam
1449 843 1631 884 formam

307 913 522 953 dotassent
553 922 741 954 nostram
766 913 996 967 ecclesiam,
1030 914 1140 954 licite
1162 914 1401 968 potuissent
1430 927 1506 967 pro
1530 928 1629 954 con-

251 1006 289 1027 10
305 992 469 1036 temptu
491 984 596 1037 regis
613 998 733 1024 suam
756 984 1033 1024 elemosinam
1057 985 1320 1037 subtraxisse,
1344 985 1416 1024 sed
1433 998 1530 1024 cum
1555 985 1630 1024 ista

308 1054 558 1094 condicione
592 1065 824 1108 potuerunt
857 1057 1022 1096 dotasse
1047 1064 1238 1096 nostram
1263 1055 1496 1103 ecclesiam,
1531 1069 1630 1108 ergo

307 1134 539 1177 potuerunt
585 1140 661 1179 pro
710 1135 959 1179 contemptu
1016 1126 1110 1165 cleri
1164 1127 1305 1166 datam
1353 1126 1628 1165 elemosinam

306 1195 414 1235 licite
448 1196 710 1237 subtraxisse.
743 1196 855 1236 Cum
880 1210 979 1249 ergo
1014 1196 1079 1234 illa
1114 1196 1308 1235 condicio
1342 1196 1487 1235 fuisset
1520 1195 1630 1234 licita

307 1275 345 1305 et
377 1266 569 1317 honesta,
604 1268 956 1320 consuetudoque
1002 1266 1107 1320 regis
1153 1276 1193 1305 et
1237 1266 1350 1319 regni
1398 1266 1552 1305 docent
1585 1266 1626 1304 in
1645 1273 1712 1300 The
1734 1272 1925 1300 customsof

255 1350 289 1382 15
307 1336 414 1375 facto
439 1336 733 1376 condicionem
766 1337 879 1376 illam
914 1336 1041 1376 fuisse
1075 1337 1294 1388 adiectam,
1318 1336 1481 1376 videtur
1506 1309 1815 1376 „flnis¹{¹1‚⁹aff}{l¹{¹ss
1834 1309 1914 1371 {13qu

306 1415 632 1459 presumptuosa
665 1406 843 1446 assercio
878 1407 993 1460 quod
1025 1406 1234 1460 principes
1267 1406 1398 1446 nostri
1433 1420 1519 1445 non
1553 1421 1628 1459 po-
1675 1379 1891 1448 dliitsieiicsh§deiL

305 1486 476 1517 tuerunt
535 1477 585 1516 ab
634 1477 690 1516 eis
745 1477 903 1517 auferre
948 1475 1197 1530 temporalia
1249 1486 1629 1530 quantumcunque

307 1547 575 1601 deliquerim,
604 1561 753 1601 ymmo
787 1561 883 1587 cum
918 1547 1108 1587 absolute
1131 1547 1365 1587 necessario
1399 1556 1630 1601 potuerunt

307 1617 433 1656 talem
467 1618 762 1658 condicionem
797 1618 971 1669 adicere,
1006 1627 1046 1657 et
1078 1618 1226 1657 iterum
1259 1618 1452 1657 absolute
1486 1631 1627 1657 ueces-

250 1688 413 1731 2osario
458 1688 738 1728 elemosinarii
785 1697 959 1741 possent
999 1697 1163 1728 tantum
1211 1688 1469 1741 delinquere,
1516 1697 1629 1740 patet

307 1755 371 1812 (ut
402 1772 498 1811 sepe
531 1757 633 1813 dixi)
657 1760 774 1812 quod
797 1759 1007 1812 principes
1031 1759 1161 1798 nostri
1185 1758 1374 1798 absolute
1398 1759 1629 1798 necessario

307 1836 539 1880 potuerunt
571 1842 666 1868 suas
699 1828 951 1868 elemosinas
984 1829 1239 1881 subtrahere,
1273 1828 1460 1881 periculo
1494 1829 1628 1881 possi—
1655 1844 1690 1862 so
1712 1844 1769 1862 our
1791 1836 1913 1870 princes

309 1898 379 1935 bili
403 1898 664 1938 imminente.
694 1899 747 1937 Et
779 1912 852 1951 per
884 1898 995 1937 idem
1030 1899 1220 1952 sequitur
1253 1900 1367 1952 quod
1400 1907 1632 1951 potuerunt
1647 1879 1749 1933 ¹ic¹i¹eiit
1766 1869 1920 1933 (innccffiion

309 1981 404 2007 cum
440 1968 712 2021 possibilibus
746 1969 914 2021 paribus
938 1969 1179 2008 subtrahere
1211 1969 1252 2007 in
1278 1968 1481 2019 futurum,
1515 1970 1628 2022 quod
1647 1941 1807 1968 thlaw
1832 1942 1919 1968 ΜΕ

253 2047 431 2080 25sonat
481 2038 635 2078 directe
685 2048 829 2078 contra
874 2038 1046 2078 terciam
1093 2039 1414 2078 conclusionem
1447 2039 1631 2078 doctoris

309 2121 390 2161 que
423 2108 521 2148 dicit
560 2110 674 2162 quod
708 2123 824 2161 reges
856 2108 1007 2162 Anglie
1053 2109 1301 2162 temporalia
1349 2124 1372 2149 a
1405 2109 1515 2149 clero
1555 2123 1631 2148 suo

309 2191 529 2232 nunquam
563 2178 749 2231 legitime
783 2179 1060 2230 abstulerunt,
1094 2179 1201 2219 sicut
1224 2193 1299 2219 nec
1323 2179 1430 2219 datis
1464 2179 1631 2232 paribus

307 2248 492 2301 legitime
528 2257 759 2302 potuerunt
792 2249 831 2287 in
868 2249 1073 2290 futurum.
1138 2250 1191 2289 Et
1224 2258 1366 2290 notate
1413 2250 1537 2289 verba
1583 2250 1629 2299 si,

308 2318 498 2372 inquam,
533 2333 607 2358 nec
641 2319 746 2359 datis
779 2319 950 2372 paribus
985 2328 1216 2372 potuerunt
1238 2320 1399 2360 auferre
1432 2320 1630 2373 legitime,

253 2397 408 2431 30tunc
454 2402 529 2429 nec
575 2389 680 2428 datis
716 2389 927 2443 aliquibus
967 2390 1135 2442 paribus
1188 2399 1421 2444 potuerunt
1473 2390 1631 2429 auferre

311 2459 507 2511 legitime,
541 2468 580 2498 et
612 2473 685 2512 per
717 2473 980 2512 consequens
1014 2460 1054 2498 in
1099 2469 1478 2514 quantumcunque
1514 2475 1629 2513 mag-

363 2617 391 2645 8.
414 2620 439 2646 Α
453 2619 481 2647 in
498 2628 612 2654 marg:
636 2619 779 2646 Dotandn
796 2624 840 2646 cst
856 2620 988 2647 ecclesia
1005 2620 1062 2647 sub
1078 2620 1264 2648 condicione
1280 2621 1403 2655 (Above
1418 2621 1483 2655 17¹}ss
1504 2620 1630 2647 without

310 2666 394 2692 mark
423 2665 458 2692 of
483 2666 664 2700 reference).
809 2664 850 2692 23.
885 2665 923 2692 H:
954 2669 1036 2701 qnod
1064 2674 1133 2694 cum
1165 2672 1342 2702 potuerunt.
1486 2668 1531 2694 29,
1555 2668 1578 2693 Α
1602 2667 1630 2693 in

310 2719 423 2746 marg:
458 2712 629 2739 Conclusio
661 2712 748 2740 falsa.
892 2720 938 2747 20.
966 2714 993 2740 A
1014 2714 1069 2748 Al:
1098 2715 1226 2749 paribus
1249 2720 1424 2750 potnerunt.
1453 2714 1573 2742 Codd.t
1602 2714 1630 2739 iu

310 2763 471 2793 qnantum.
614 2758 651 2786 31.
673 2760 699 2785 Α
721 2760 777 2793 A,:
800 2764 1084 2795 quantamcunque.

376 2888 423 2909 12.
452 2878 575 2921 Comp.
603 2879 678 2910 Hus
705 2880 725 2909 l.
753 2889 780 2909 c.
809 2878 868 2911 fol.
896 2877 1058 2910 CXXIII&

1475 2947 1512 2968 2:
