2045 3312
237 265 327 294 CAP.
351 256 434 314 vir]
763 268 822 299 DE
850 266 1088 299 ECCLESIA.
1780 273 1856 311 ¹49

86 387 122 420 G-
145 389 222 431 ¹49⁸
236 383 350 428 patet
372 374 488 428 quod
510 373 725 413 licenciare
758 373 810 413 ad
842 372 922 412 hoc
955 371 1061 412 foret
1093 372 1311 413 licenciare
1341 374 1562 414 hominem
1586 383 1722 446 3315th
1739 389 1842 446 53:311

237 446 288 484 ad
321 445 597 498 peccandum,
631 444 749 497 quod
778 443 891 482 Deus
925 455 1012 481 non
1044 450 1198 495 potest,
1233 452 1272 483 et
1304 458 1378 497 per
1414 458 1561 485 conse·
1595 454 1645 515 lpe
1672 453 1786 491 simply
1801 462 1823 492 *a

236 529 368 569 quens
383 528 470 554 non
485 513 723 554 continetur
744 514 822 553 sub
845 526 970 566 opere
992 512 1278 553 misericordie
1296 514 1564 568 privilegium
1606 496 1711 516 mense
1731 493 1761 517 ω
1783 497 1840 517 Sm'

236 586 316 625 tale
363 584 606 635 concedere,
647 597 723 623 nec
756 583 944 623 tenderet
976 583 1027 622 ad
1060 593 1343 636 augmentum
1375 584 1562 624 amicicie

203 657 300 700 5vel
349 655 528 695 caritatis
573 654 615 693 in
659 654 823 707 populo
869 654 1091 693 communi
1132 668 1363 693 commune
1408 654 1472 694 ius
1513 655 1563 695 de

235 725 522 766 satisfaccione
567 723 767 764 debitoris
815 723 1072 776 precludere.
1119 724 1173 764 Et
1218 733 1333 777 patet
1384 734 1471 764 tam
1516 739 1563 764 ex

234 805 349 849 parte
395 795 611 834 donatoris
659 808 789 848 quam
821 794 1048 847 receptoris
1081 795 1198 848 quod
1231 796 1284 834 ad
1315 795 1395 835 tale
1435 796 1561 849 privi-

233 866 392 919 legium
424 875 484 905 est
522 864 798 918 indisposicio
835 865 1071 919 utrobique.
1124 866 1212 905 Nec
1244 875 1414 905 moveat
1446 867 1563 919 quod

236 949 283 975 ex
328 935 397 976 tali
438 935 656 989 privilegio
696 936 954 989 quandoque
999 936 1163 976 bonum
1196 936 1471 989 contingeret,
1516 946 1562 976 ut

179 1029 218 1050 10
234 1015 336 1059 puta
393 1006 590 1046 debitoris
643 1005 857 1059 depredati
915 1006 1150 1046 misericors
1207 1006 1444 1059 expectacio
1496 1007 1562 1047 vel

136 1076 350 1131 149baliter
394 1076 608 1117 criminosi
653 1090 701 1115 ex
746 1076 877 1116 tutela
920 1075 1068 1129 refugii
1120 1075 1559 1129 finalisssconversio,

233 1146 331 1200 quia
375 1147 488 1187 Deus
520 1161 607 1186 non
640 1156 783 1200 posset
814 1146 1053 1199 permittere
1085 1155 1308 1200 peccatum
1340 1147 1441 1199 fieri,
1482 1147 1559 1186 nisi

233 1216 380 1256 exinde
413 1217 729 1257 occasionaliter
774 1217 938 1256 bonum
977 1217 1253 1270 contingeret.
1309 1217 1406 1257 Ideo
1440 1218 1559 1269 absit,

233 1287 333 1329 dicit
360 1287 608 1341 Apostolus,
642 1295 687 1326 ut
704 1287 934 1341 faciamus
964 1288 1094 1335 mala,
1130 1293 1175 1326 ut
1204 1287 1313 1326 bona
1347 1289 1557 1328 eveniant.

179 1371 215 1404 15
290 1358 428 1397 Docto
451 1357 577 1410 igitur
606 1358 723 1411 quod
747 1357 914 1397 libertas
946 1357 1038 1397 talis
1069 1366 1236 1397 sonaret
1268 1357 1310 1396 in
1344 1357 1558 1398 caritatem
1589 1374 1761 1415 Ther-afore
1782 1377 1832 1404 the

232 1438 272 1468 et
318 1428 610 1479 elemosinam,
654 1437 797 1480 posset
841 1427 1015 1467 concedi
1060 1427 1322 1481 singulariter
1366 1427 1423 1467 illi
1461 1411 1850 1481 locoffirgissslfftffielffisst

231 1498 497 1552 privilegium
535 1499 612 1538 sub
644 1498 723 1538 ista
768 1497 1018 1538 condicione
1052 1512 1182 1552 quam
1220 1511 1389 1538 necesse
1422 1508 1482 1538 est
1514 1499 1556 1538 in
1589 1482 1835 1555 bedffilgffilfyen-

232 1568 350 1608 omni
372 1568 608 1608 donacione
636 1567 824 1622 legitima
846 1568 996 1608 habere
1021 1568 1189 1608 tacitam
1213 1569 1278 1607 vel
1301 1582 1554 1621 expressam.

231 1639 355 1679 Unde
398 1638 564 1679 videtur
611 1639 728 1692 quod
774 1638 921 1692 prelati
966 1638 1097 1678 nostri
1142 1638 1296 1678 debent
1340 1638 1557 1680 humiliter

176 1733 216 1755 20
231 1709 397 1762 pulsare
457 1709 668 1761 dominos,
721 1718 767 1749 ut
824 1709 926 1749 tales
980 1722 1137 1749 errores
1189 1718 1331 1750 nostre
1385 1710 1555 1751 ecclesie

230 1779 369 1832 previe
392 1779 664 1833 corrigantur,
680 1788 909 1833 antequam
922 1779 1122 1819 invadant
1143 1780 1285 1819 hostes
1308 1779 1554 1834 forinsecus,

231 1849 330 1903 quia
353 1864 401 1889 ex
423 1849 661 1889 testimonis
695 1849 849 1890 Christi
872 1850 1020 1892 Matth.
1045 1851 1116 1902 XO,
1144 1850 1195 1889 36
1228 1851 1337 1890 nulli
1357 1853 1462 1905 plus
1491 1853 1553 1892 in-

218 1920 391 1974 festant
408 1927 588 1960 matrem
613 1920 837 1960 ecclesiam
862 1933 990 1973 quam
1015 1922 1107 1960 eius
1131 1921 1351 1962 domestici
1377 1922 1552 1963 inimici.

180 2003 217 2037 Η
290 1989 441 2030 Tercio
479 1990 760 2044 principaliter
802 1991 989 2044 arguitur
1033 1991 1089 2030 sic
1128 1992 1180 2030 ad
1218 1991 1330 2031 idem
1370 1993 1419 2031 de
1465 1992 1552 2033 iure
1614 2009 1798 2037 &Heu-110

176 2070 396 2107 25nature:
430 2061 619 2101 Frustra
664 2062 833 2101 invocat
871 2062 982 2115 legis
1014 2061 1229 2101 auxilium
1269 2064 1343 2114 qui
1374 2044 1680 2115 offenditss'ss'ssffgss
1699 2045 1845 2108 ἑῖἶῖἷηῑιῗζζ

231 2133 273 2171 in
306 2145 414 2183 eam,
468 2132 538 2170 sed
584 2131 682 2171 dicti
729 2131 892 2186 fugitivi
929 2131 1171 2171 rebellando
1205 2131 1471 2172 offenderunt
1509 2133 1552 2171 in
1666 2115 1746 2150 help.

229 2201 365 2254 legem
381 2201 471 2254 Dei,
487 2201 655 2241 ecclesie
674 2210 713 2242 et
733 2201 775 2240 in
794 2202 931 2255 legem
946 2201 1080 2255 regni:
1101 2216 1199 2256 ergo
1222 2202 1384 2242 iustum
1399 2212 1459 2243 est
1473 2217 1552 2256 pro

230 2280 421 2325 tempore
453 2285 526 2311 sue
558 2271 787 2312 obstinacie
819 2274 936 2325 quod
965 2281 1130 2312 careant
1162 2272 1204 2311 in
1234 2272 1433 2312 omnibus
1465 2273 1552 2314 istis

230 2341 331 2395 legis
364 2341 573 2396 suffragio.
607 2342 743 2382 Maior
774 2351 917 2382 autem
956 2342 1117 2396 capitur
1148 2352 1194 2383 ut
1232 2344 1373 2396 regula
1404 2358 1478 2397 per
1509 2359 1552 2383 se

175 2421 333 2457 30110ta
363 2412 406 2451 in
444 2412 532 2452 iure
575 2413 778 2452 canonico
819 2422 857 2453 et
896 2413 1174 2453 demonstrari
1213 2423 1351 2468 potest
1391 2429 1439 2454 ex
1471 2414 1551 2454 fide

231 2481 432 2535 evangelii
463 2482 637 2522 Matthei
669 2484 740 2535 V0,
777 2484 842 2535 25,
877 2483 946 2522 ubi
980 2483 1172 2523 Christus
1203 2484 1399 2537 precipit:
1444 2485 1549 2525 Esto

231 2554 508 2593 consenciens
541 2552 796 2593 adversario
823 2561 895 2593 tuo
928 2555 1028 2603 cito,
1065 2554 1164 2593 dum
1198 2567 1244 2594 es
1276 2555 1318 2594 in
1352 2555 1421 2594 via
1453 2568 1548 2594 cum

231 2635 293 2672 eo,
318 2623 503 2678 neforte
529 2623 811 2665 adversarius
835 2630 933 2664 tuus
957 2624 1102 2664 tradat
1127 2631 1163 2665 te
1185 2624 1317 2665 iudici
1348 2630 1388 2664 et
1419 2625 1551 2665 iudex

290 2763 314 2790 5.
336 2762 380 2790 D:
400 2762 562 2790 communi
584 2763 678 2790 deest.
788 2762 816 2790 6.
838 2762 877 2790 13:
899 2767 930 2790 ut
951 2767 1041 2798 patet.
1157 2770 1254 2791 20.21.
1276 2763 1319 2790 D:
1342 2762 1470 2791 ecclesie
1491 2762 1550 2798 pri-

230 2808 380 2844 vilegiate.
516 2816 562 2843 24.
585 2810 613 2836 A
633 2809 664 2836 in
684 2817 799 2845 marg.:
821 2808 932 2836 Tereia
952 2811 1127 2845 responsio.

296 2917 344 2948 14.
371 2907 461 2939 Rom
489 2907 544 2949 111,
570 2906 601 2939 8.
