<?xml version="1.0" encoding="UTF-8"?>
<!DOCTYPE html PUBLIC "-//W3C//DTD XHTML 1.0 Transitional//EN"
    "http://www.w3.org/TR/xhtml1/DTD/xhtml1-transitional.dtd">
<html xmlns="http://www.w3.org/1999/xhtml" xml:lang="en" lang="en">
 <head>
  <title>
</title>
<meta http-equiv="Content-Type" content="text/html;charset=utf-8" />
  <meta name='ocr-system' content='tesseract 3.04.00' />
  <meta name='ocr-capabilities' content='ocr_page ocr_carea ocr_par ocr_line ocrx_word'/>
</head>
<body>
  <div class='ocr_page' id='page_1' title='image "./iohanniswycliftr04wycl_0095.png"; bbox 0 0 2045 3312; ppageno 0'>
   <div class='ocr_carea' id='block_1_1' title="bbox 240 234 1855 295">
    <p class='ocr_par' dir='ltr' id='par_1_1' title="bbox 240 234 1855 295">
     <span class='ocr_line' id='line_1_1' title="bbox 240 234 1855 295; baseline 0.009 -21"><span class='ocrx_word' id='word_1_1' title='bbox 240 234 416 294; x_wconf 82' lang='lat' dir='ltr'>CAP.111.]</span> <span class='ocrx_word' id='word_1_2' title='bbox 750 248 810 280; x_wconf 87' lang='lat' dir='ltr'>DE</span> <span class='ocrx_word' id='word_1_3' title='bbox 838 248 1074 281; x_wconf 80' lang='lat' dir='ltr'>ECCLESIA.</span> <span class='ocrx_word' id='word_1_4' title='bbox 1805 244 1855 295; x_wconf 86' lang='lat'>57</span> 
     </span>
    </p>
   </div>
   <div class='ocr_carea' id='block_1_2' title="bbox 86 353 1860 2302">
    <p class='ocr_par' dir='ltr' id='par_1_2' title="bbox 86 353 1565 606">
     <span class='ocr_line' id='line_1_2' title="bbox 86 353 1565 408; baseline -0.001 -10"><span class='ocrx_word' id='word_1_5' title='bbox 86 366 124 399; x_wconf 92' lang='lat' dir='ltr'><strong>H</strong></span> <span class='ocrx_word' id='word_1_6' title='bbox 148 355 281 398; x_wconf 66' lang='lat' dir='ltr'>136³in</span> <span class='ocrx_word' id='word_1_7' title='bbox 316 354 462 408; x_wconf 87' lang='lat' dir='ltr'>capite,</span> <span class='ocrx_word' id='word_1_8' title='bbox 510 354 592 393; x_wconf 89' lang='lat' dir='ltr'>hoc</span> <span class='ocrx_word' id='word_1_9' title='bbox 625 362 698 404; x_wconf 87' lang='lat' dir='ltr'>est,</span> <span class='ocrx_word' id='word_1_10' title='bbox 747 353 790 392; x_wconf 85' lang='lat' dir='ltr'>in</span> <span class='ocrx_word' id='word_1_11' title='bbox 823 353 989 393; x_wconf 82' lang='lat' dir='ltr'>racione</span> <span class='ocrx_word' id='word_1_12' title='bbox 1030 354 1263 395; x_wconf 81' lang='lat' dir='ltr'>cauterium</span> <span class='ocrx_word' id='word_1_13' title='bbox 1306 357 1565 398; x_wconf 88' lang='lat' dir='ltr'>Antichristi.</span> 
     </span>
     <span class='ocr_line' id='line_1_3' title="bbox 239 424 1565 479; baseline 0.001 -13"><span class='ocrx_word' id='word_1_14' title='bbox 239 425 354 466; x_wconf 87' lang='lat' dir='ltr'>Nulli</span> <span class='ocrx_word' id='word_1_15' title='bbox 387 424 501 464; x_wconf 89' lang='lat' dir='ltr'>enim</span> <span class='ocrx_word' id='word_1_16' title='bbox 532 424 768 464; x_wconf 85' lang='lat' dir='ltr'>secundum</span> <span class='ocrx_word' id='word_1_17' title='bbox 804 424 976 464; x_wconf 90' lang='lat' dir='ltr'>beatum</span> <span class='ocrx_word' id='word_1_18' title='bbox 1001 424 1268 478; x_wconf 84' lang='lat' dir='ltr'>Gregorium,</span> <span class='ocrx_word' id='word_1_19' title='bbox 1292 425 1334 464; x_wconf 90' lang='lat' dir='ltr'>in</span> <span class='ocrx_word' id='word_1_20' title='bbox 1357 427 1565 479; x_wconf 82' lang='lat' dir='ltr'>Registro,</span> 
     </span>
     <span class='ocr_line' id='line_1_4' title="bbox 238 493 1564 549; baseline 0.001 -13"><span class='ocrx_word' id='word_1_21' title='bbox 238 495 423 536; x_wconf 87' lang='lat' dir='ltr'>secundo</span> <span class='ocrx_word' id='word_1_22' title='bbox 464 493 663 547; x_wconf 79' lang='lat' dir='ltr'>capitulo,</span> <span class='ocrx_word' id='word_1_23' title='bbox 706 493 983 547; x_wconf 82' lang='lat' dir='ltr'>periculosius</span> <span class='ocrx_word' id='word_1_24' title='bbox 1015 495 1080 535; x_wconf 93' lang='lat' dir='ltr'>vel</span> <span class='ocrx_word' id='word_1_25' title='bbox 1113 495 1296 549; x_wconf 89' lang='lat' dir='ltr'>amplius</span> <span class='ocrx_word' id='word_1_26' title='bbox 1336 507 1492 537; x_wconf 85' lang='lat' dir='ltr'><strong>nocent</strong></span> <span class='ocrx_word' id='word_1_27' title='bbox 1523 497 1564 537; x_wconf 93' lang='lat' dir='ltr'>in</span> 
     </span>
     <span class='ocr_line' id='line_1_5' title="bbox 239 563 694 606; baseline 0 -1"><span class='ocrx_word' id='word_1_28' title='bbox 239 564 408 605; x_wconf 86' lang='lat' dir='ltr'>ecclesia</span> <span class='ocrx_word' id='word_1_29' title='bbox 440 563 572 604; x_wconf 90' lang='lat' dir='ltr'>sancti</span> <span class='ocrx_word' id='word_1_30' title='bbox 604 564 694 606; x_wconf 90' lang='lat' dir='ltr'>Dei.</span> 
     </span>
    </p>

    <p class='ocr_par' dir='ltr' id='par_1_3' title="bbox 205 634 1860 971">
     <span class='ocr_line' id='line_1_6' title="bbox 205 634 1837 707; baseline 0 -29"><span class='ocrx_word' id='word_1_31' title='bbox 205 646 224 678; x_wconf 90' lang='lat'>1</span> <span class='ocrx_word' id='word_1_32' title='bbox 295 635 377 675; x_wconf 89' lang='lat' dir='ltr'>Sed</span> <span class='ocrx_word' id='word_1_33' title='bbox 418 635 638 675; x_wconf 86' lang='lat' dir='ltr'>redeundo</span> <span class='ocrx_word' id='word_1_34' title='bbox 682 635 734 675; x_wconf 87' lang='lat' dir='ltr'>ad</span> <span class='ocrx_word' id='word_1_35' title='bbox 773 634 1066 675; x_wconf 87' lang='lat' dir='ltr'>difficultatem</span> <span class='ocrx_word' id='word_1_36' title='bbox 1111 636 1329 676; x_wconf 79' lang='lat' dir='ltr'>dimissam</span> <span class='ocrx_word' id='word_1_37' title='bbox 1373 636 1556 676; x_wconf 88' lang='lat' dir='ltr'>obicitur</span> <span class='ocrx_word' id='word_1_38' title='bbox 1578 643 1837 707; x_wconf 44' lang='lat' dir='ltr'>Chggjfsctsiggffb</span> 
     </span>
     <span class='ocr_line' id='line_1_7' title="bbox 236 689 1860 777; baseline 0.001 -33"><span class='ocrx_word' id='word_1_39' title='bbox 236 718 310 758; x_wconf 87' lang='lat' dir='ltr'>per</span> <span class='ocrx_word' id='word_1_40' title='bbox 335 713 530 744; x_wconf 87' lang='lat' dir='ltr'>sanctum</span> <span class='ocrx_word' id='word_1_41' title='bbox 549 704 767 745; x_wconf 88' lang='lat' dir='ltr'>Thomam</span> <span class='ocrx_word' id='word_1_42' title='bbox 796 706 847 745; x_wconf 92' lang='lat' dir='ltr'>de</span> <span class='ocrx_word' id='word_1_43' title='bbox 871 705 1054 757; x_wconf 82' lang='lat' dir='ltr'>Christo,</span> <span class='ocrx_word' id='word_1_44' title='bbox 1088 706 1362 746; x_wconf 88' lang='lat' dir='ltr'>conclusione</span> <span class='ocrx_word' id='word_1_45' title='bbox 1395 715 1557 758; x_wconf 83' lang='lat' dir='ltr'>octava,</span> <span class='ocrx_word' id='word_1_46' title='bbox 1575 713 1808 777; x_wconf 39' lang='lat' dir='ltr'>tSlssTssgfflasotfo</span> <span class='ocrx_word' id='word_1_47' title='bbox 1821 689 1860 777; x_wconf 53' lang='grc' dir='ltr'>ἓξ</span> 
     </span>
     <span class='ocr_line' id='line_1_8' title="bbox 236 774 1765 829; baseline 0.001 -15"><span class='ocrx_word' id='word_1_48' title='bbox 236 774 411 814; x_wconf 87' lang='lat' dir='ltr'>articulo</span> <span class='ocrx_word' id='word_1_49' title='bbox 435 775 523 826; x_wconf 88' lang='lat'>1110,</span> <span class='ocrx_word' id='word_1_50' title='bbox 549 774 618 814; x_wconf 89' lang='lat' dir='ltr'>ubi</span> <span class='ocrx_word' id='word_1_51' title='bbox 643 775 742 815; x_wconf 90' lang='lat' dir='ltr'>dicit</span> <span class='ocrx_word' id='word_1_52' title='bbox 774 776 891 829; x_wconf 87' lang='lat' dir='ltr'>quod</span> <span class='ocrx_word' id='word_1_53' title='bbox 913 775 1109 816; x_wconf 74' lang='lat' dir='ltr'>Christus</span> <span class='ocrx_word' id='word_1_54' title='bbox 1133 783 1197 816; x_wconf 83' lang='lat' dir='ltr'>est</span> <span class='ocrx_word' id='word_1_55' title='bbox 1219 783 1349 829; x_wconf 75' lang='lat' dir='ltr'>caput</span> <span class='ocrx_word' id='word_1_56' title='bbox 1371 778 1559 817; x_wconf 82' lang='lat' dir='ltr'>omnium</span> <span class='ocrx_word' id='word_1_57' title='bbox 1683 793 1765 813; x_wconf 84' lang='lat' dir='ltr'>men-</span> 
     </span>
     <span class='ocr_line' id='line_1_9' title="bbox 235 844 1564 899; baseline 0.002 -15"><span class='ocrx_word' id='word_1_58' title='bbox 235 845 470 893; x_wconf 76' lang='lat' dir='ltr'>hominum,</span> <span class='ocrx_word' id='word_1_59' title='bbox 490 851 573 884; x_wconf 86' lang='lat' dir='ltr'>tam</span> <span class='ocrx_word' id='word_1_60' title='bbox 596 844 801 898; x_wconf 81' lang='lat' dir='ltr'>fidelium</span> <span class='ocrx_word' id='word_1_61' title='bbox 826 847 899 899; x_wconf 77' lang='lat' dir='ltr'>qui</span> <span class='ocrx_word' id='word_1_62' title='bbox 925 847 1140 886; x_wconf 81' lang='lat' dir='ltr'>uniuntur</span> <span class='ocrx_word' id='word_1_63' title='bbox 1163 847 1245 887; x_wconf 73' lang='lat' dir='ltr'>sihi</span> <span class='ocrx_word' id='word_1_64' title='bbox 1277 849 1319 887; x_wconf 83' lang='lat' dir='ltr'>in</span> <span class='ocrx_word' id='word_1_65' title='bbox 1355 853 1453 887; x_wconf 79' lang='lat' dir='ltr'>actu</span> <span class='ocrx_word' id='word_1_66' title='bbox 1479 861 1564 899; x_wconf 80' lang='lat' dir='ltr'>per</span> 
     </span>
     <span class='ocr_line' id='line_1_10' title="bbox 235 916 1563 971; baseline 0.003 -17"><span class='ocrx_word' id='word_1_67' title='bbox 235 916 451 969; x_wconf 77' lang='lat' dir='ltr'>graciam,</span> <span class='ocrx_word' id='word_1_68' title='bbox 476 928 604 968; x_wconf 73' lang='lat' dir='ltr'>quam</span> <span class='ocrx_word' id='word_1_69' title='bbox 628 916 869 968; x_wconf 82' lang='lat' dir='ltr'>infidelium</span> <span class='ocrx_word' id='word_1_70' title='bbox 906 919 980 970; x_wconf 80' lang='lat' dir='ltr'>qui</span> <span class='ocrx_word' id='word_1_71' title='bbox 1011 923 1112 957; x_wconf 77' lang='lat' dir='ltr'>sunt</span> <span class='ocrx_word' id='word_1_72' title='bbox 1134 918 1272 957; x_wconf 76' lang='lat' dir='ltr'>solum</span> <span class='ocrx_word' id='word_1_73' title='bbox 1299 919 1341 958; x_wconf 88' lang='lat' dir='ltr'>in</span> <span class='ocrx_word' id='word_1_74' title='bbox 1360 919 1563 971; x_wconf 79' lang='lat' dir='ltr'>potencia</span> 
     </span>
    </p>

    <p class='ocr_par' dir='ltr' id='par_1_4' title="bbox 183 985 1855 1338">
     <span class='ocr_line' id='line_1_11' title="bbox 183 985 1563 1042; baseline 0 -14"><span class='ocrx_word' id='word_1_75' title='bbox 183 986 328 1028; x_wconf 79' lang='lat' dir='ltr'>meins</span> <span class='ocrx_word' id='word_1_76' title='bbox 361 985 570 1034; x_wconf 79' lang='lat' dir='ltr'>membra,</span> <span class='ocrx_word' id='word_1_77' title='bbox 616 994 656 1025; x_wconf 90' lang='lat' dir='ltr'>et</span> <span class='ocrx_word' id='word_1_78' title='bbox 688 995 785 1039; x_wconf 89' lang='lat' dir='ltr'>post</span> <span class='ocrx_word' id='word_1_79' title='bbox 818 987 1046 1026; x_wconf 83' lang='lat' dir='ltr'>subdividit</span> <span class='ocrx_word' id='word_1_80' title='bbox 1089 989 1326 1028; x_wconf 87' lang='lat' dir='ltr'>secundum</span> <span class='ocrx_word' id='word_1_81' title='bbox 1363 988 1563 1042; x_wconf 90' lang='lat' dir='ltr'>predesti-</span> 
     </span>
     <span class='ocr_line' id='line_1_12' title="bbox 236 1056 1563 1110; baseline 0.003 -16"><span class='ocrx_word' id='word_1_82' title='bbox 236 1065 358 1095; x_wconf 82' lang='lat' dir='ltr'>natos</span> <span class='ocrx_word' id='word_1_83' title='bbox 407 1064 446 1095; x_wconf 91' lang='lat' dir='ltr'>et</span> <span class='ocrx_word' id='word_1_84' title='bbox 492 1056 696 1108; x_wconf 86' lang='lat' dir='ltr'>prescitos</span> <span class='ocrx_word' id='word_1_85' title='bbox 749 1057 821 1110; x_wconf 83' lang='lat' dir='ltr'>qui</span> <span class='ocrx_word' id='word_1_86' title='bbox 874 1058 1114 1097; x_wconf 83' lang='lat' dir='ltr'>recedentes</span> <span class='ocrx_word' id='word_1_87' title='bbox 1167 1058 1217 1097; x_wconf 92' lang='lat' dir='ltr'>ab</span> <span class='ocrx_word' id='word_1_88' title='bbox 1270 1058 1352 1098; x_wconf 92' lang='lat' dir='ltr'>hoc</span> <span class='ocrx_word' id='word_1_89' title='bbox 1399 1060 1563 1098; x_wconf 88' lang='lat' dir='ltr'>mundo</span> 
     </span>
     <span class='ocr_line' id='line_1_13' title="bbox 235 1125 1564 1182; baseline 0.002 -16"><span class='ocrx_word' id='word_1_90' title='bbox 235 1125 419 1166; x_wconf 88' lang='lat' dir='ltr'>totaliter</span> <span class='ocrx_word' id='word_1_91' title='bbox 441 1125 639 1166; x_wconf 89' lang='lat' dir='ltr'>desinunt</span> <span class='ocrx_word' id='word_1_92' title='bbox 672 1140 760 1167; x_wconf 88' lang='lat' dir='ltr'>esse</span> <span class='ocrx_word' id='word_1_93' title='bbox 794 1128 984 1168; x_wconf 87' lang='lat' dir='ltr'>membra</span> <span class='ocrx_word' id='word_1_94' title='bbox 1009 1128 1178 1170; x_wconf 84' lang='lat' dir='ltr'>Christi.</span> <span class='ocrx_word' id='word_1_95' title='bbox 1214 1129 1267 1168; x_wconf 85' lang='lat' dir='ltr'>Et</span> <span class='ocrx_word' id='word_1_96' title='bbox 1300 1130 1452 1182; x_wconf 86' lang='lat' dir='ltr'>probat</span> <span class='ocrx_word' id='word_1_97' title='bbox 1483 1129 1564 1169; x_wconf 93' lang='lat' dir='ltr'>hoc</span> 
     </span>
     <span class='ocr_line' id='line_1_14' title="bbox 236 1196 1562 1249; baseline 0.002 -13"><span class='ocrx_word' id='word_1_98' title='bbox 236 1196 460 1249; x_wconf 87' lang='lat' dir='ltr'>multiplici</span> <span class='ocrx_word' id='word_1_99' title='bbox 484 1196 663 1236; x_wconf 80' lang='lat' dir='ltr'>racione.</span> <span class='ocrx_word' id='word_1_100' title='bbox 690 1198 912 1246; x_wconf 89' lang='lat' dir='ltr'>Quantum</span> <span class='ocrx_word' id='word_1_101' title='bbox 936 1199 986 1237; x_wconf 88' lang='lat' dir='ltr'>ad</span> <span class='ocrx_word' id='word_1_102' title='bbox 1010 1199 1091 1238; x_wconf 89' lang='lat' dir='ltr'>hoc</span> <span class='ocrx_word' id='word_1_103' title='bbox 1114 1198 1409 1239; x_wconf 88' lang='lat' dir='ltr'>testimonium</span> <span class='ocrx_word' id='word_1_104' title='bbox 1434 1200 1562 1240; x_wconf 90' lang='lat' dir='ltr'>sancti</span> 
     </span>
     <span class='ocr_line' id='line_1_15' title="bbox 236 1266 1855 1338; baseline 0.003 -33"><span class='ocrx_word' id='word_1_105' title='bbox 236 1266 418 1317; x_wconf 85' lang='lat' dir='ltr'>Thome,</span> <span class='ocrx_word' id='word_1_106' title='bbox 434 1267 598 1306; x_wconf 90' lang='lat' dir='ltr'>videtur</span> <span class='ocrx_word' id='word_1_107' title='bbox 614 1267 741 1307; x_wconf 90' lang='lat' dir='ltr'>michi</span> <span class='ocrx_word' id='word_1_108' title='bbox 764 1268 880 1321; x_wconf 84' lang='lat' dir='ltr'>quod</span> <span class='ocrx_word' id='word_1_109' title='bbox 903 1268 993 1321; x_wconf 90' lang='lat' dir='ltr'>ipse</span> <span class='ocrx_word' id='word_1_110' title='bbox 1016 1268 1239 1322; x_wconf 87' lang='lat' dir='ltr'>equivocat</span> <span class='ocrx_word' id='word_1_111' title='bbox 1264 1283 1358 1309; x_wconf 91' lang='lat' dir='ltr'>vere</span> <span class='ocrx_word' id='word_1_112' title='bbox 1381 1270 1560 1310; x_wconf 87' lang='lat' dir='ltr'>dicendo</span> <span class='ocrx_word' id='word_1_113' title='bbox 1578 1274 1637 1336; x_wconf 52' lang='lat' dir='ltr'>thlg</span> <span class='ocrx_word' id='word_1_114' title='bbox 1658 1282 1855 1338; x_wconf 43' lang='lat' dir='ltr'>ggetffigseas</span> 
     </span>
    </p>

    <p class='ocr_par' dir='ltr' id='par_1_5' title="bbox 182 1336 1818 1674">
     <span class='ocr_line' id='line_1_16' title="bbox 182 1336 1818 1392; baseline 0.004 -16"><span class='ocrx_word' id='word_1_115' title='bbox 182 1337 351 1391; x_wconf 80' lang='lat' dir='ltr'>15quod</span> <span class='ocrx_word' id='word_1_116' title='bbox 398 1336 590 1377; x_wconf 89' lang='lat' dir='ltr'>Christus</span> <span class='ocrx_word' id='word_1_117' title='bbox 645 1339 879 1378; x_wconf 88' lang='lat' dir='ltr'>secundum</span> <span class='ocrx_word' id='word_1_118' title='bbox 925 1338 1122 1378; x_wconf 82' lang='lat' dir='ltr'>deitatem</span> <span class='ocrx_word' id='word_1_119' title='bbox 1156 1347 1216 1378; x_wconf 89' lang='lat' dir='ltr'>est</span> <span class='ocrx_word' id='word_1_120' title='bbox 1248 1349 1374 1392; x_wconf 89' lang='lat' dir='ltr'>caput</span> <span class='ocrx_word' id='word_1_121' title='bbox 1407 1340 1559 1380; x_wconf 81' lang='lat' dir='ltr'>extrin-</span> <span class='ocrx_word' id='word_1_122' title='bbox 1614 1351 1645 1372; x_wconf 83' lang='lat'>10</span> <span class='ocrx_word' id='word_1_123' title='bbox 1666 1345 1714 1372; x_wconf 81' lang='lat' dir='ltr'>his</span> <span class='ocrx_word' id='word_1_124' title='bbox 1736 1345 1818 1382; x_wconf 72' lang='lat' dir='ltr'>deity</span> 
     </span>
     <span class='ocr_line' id='line_1_17' title="bbox 234 1407 1561 1464; baseline 0.002 -17"><span class='ocrx_word' id='word_1_125' title='bbox 234 1420 378 1447; x_wconf 86' lang='lat' dir='ltr'>secum</span> <span class='ocrx_word' id='word_1_126' title='bbox 401 1407 537 1447; x_wconf 86' lang='lat' dir='ltr'>tocius</span> <span class='ocrx_word' id='word_1_127' title='bbox 561 1407 734 1447; x_wconf 88' lang='lat' dir='ltr'>humani</span> <span class='ocrx_word' id='word_1_128' title='bbox 759 1408 939 1461; x_wconf 73' lang='lat' dir='ltr'>generis:</span> <span class='ocrx_word' id='word_1_129' title='bbox 958 1409 1075 1462; x_wconf 90' lang='lat' dir='ltr'>quod</span> <span class='ocrx_word' id='word_1_130' title='bbox 1099 1418 1238 1462; x_wconf 86' lang='lat' dir='ltr'>potest</span> <span class='ocrx_word' id='word_1_131' title='bbox 1260 1410 1340 1450; x_wconf 87' lang='lat' dir='ltr'>dici</span> <span class='ocrx_word' id='word_1_132' title='bbox 1365 1424 1561 1464; x_wconf 81' lang='lat' dir='ltr'>aggrega-</span> 
     </span>
     <span class='ocr_line' id='line_1_18' title="bbox 232 1477 1560 1531; baseline 0.003 -15"><span class='ocrx_word' id='word_1_133' title='bbox 232 1477 316 1517; x_wconf 89' lang='lat' dir='ltr'>tive</span> <span class='ocrx_word' id='word_1_134' title='bbox 347 1491 483 1517; x_wconf 89' lang='lat' dir='ltr'>unum</span> <span class='ocrx_word' id='word_1_135' title='bbox 516 1491 668 1531; x_wconf 90' lang='lat' dir='ltr'>corpus</span> <span class='ocrx_word' id='word_1_136' title='bbox 701 1479 903 1530; x_wconf 73' lang='lat' dir='ltr'>naturale,</span> <span class='ocrx_word' id='word_1_137' title='bbox 939 1479 1003 1518; x_wconf 89' lang='lat' dir='ltr'>cui</span> <span class='ocrx_word' id='word_1_138' title='bbox 1039 1480 1172 1519; x_wconf 86' lang='lat' dir='ltr'>eciam</span> <span class='ocrx_word' id='word_1_139' title='bbox 1207 1479 1399 1520; x_wconf 91' lang='lat' dir='ltr'>Christus</span> <span class='ocrx_word' id='word_1_140' title='bbox 1433 1481 1560 1520; x_wconf 88' lang='lat' dir='ltr'>bene-</span> 
     </span>
     <span class='ocr_line' id='line_1_19' title="bbox 235 1547 1554 1602; baseline 0.002 -15"><span class='ocrx_word' id='word_1_141' title='bbox 235 1547 331 1587; x_wconf 88' lang='lat' dir='ltr'>facit</span> <span class='ocrx_word' id='word_1_142' title='bbox 377 1548 483 1588; x_wconf 88' lang='lat' dir='ltr'>sicut</span> <span class='ocrx_word' id='word_1_143' title='bbox 528 1557 567 1588; x_wconf 90' lang='lat' dir='ltr'>et</span> <span class='ocrx_word' id='word_1_144' title='bbox 617 1548 696 1588; x_wconf 88' lang='lat' dir='ltr'>toti</span> <span class='ocrx_word' id='word_1_145' title='bbox 741 1550 903 1588; x_wconf 93' lang='lat' dir='ltr'>mundo</span> <span class='ocrx_word' id='word_1_146' title='bbox 953 1550 1187 1590; x_wconf 90' lang='lat' dir='ltr'>secundum</span> <span class='ocrx_word' id='word_1_147' title='bbox 1231 1550 1554 1602; x_wconf 83' lang='lat' dir='ltr'>humanitatem,</span> 
     </span>
     <span class='ocr_line' id='line_1_20' title="bbox 236 1618 1559 1674; baseline 0.002 -16"><span class='ocrx_word' id='word_1_148' title='bbox 236 1632 333 1658; x_wconf 88' lang='lat' dir='ltr'>cum</span> <span class='ocrx_word' id='word_1_149' title='bbox 366 1618 516 1658; x_wconf 83' lang='lat' dir='ltr'>virtute</span> <span class='ocrx_word' id='word_1_150' title='bbox 550 1619 758 1671; x_wconf 82' lang='lat' dir='ltr'>passionis</span> <span class='ocrx_word' id='word_1_151' title='bbox 792 1619 945 1659; x_wconf 82' lang='lat' dir='ltr'>Christi</span> <span class='ocrx_word' id='word_1_152' title='bbox 988 1620 1218 1674; x_wconf 85' lang='lat' dir='ltr'>acquiritur</span> <span class='ocrx_word' id='word_1_153' title='bbox 1250 1622 1435 1674; x_wconf 85' lang='lat' dir='ltr'>quedam</span> <span class='ocrx_word' id='word_1_154' title='bbox 1467 1635 1559 1674; x_wconf 88' lang='lat' dir='ltr'>per-</span> 
     </span>
    </p>

    <p class='ocr_par' dir='ltr' id='par_1_6' title="bbox 179 1687 1835 2022">
     <span class='ocr_line' id='line_1_21' title="bbox 179 1687 1835 1763; baseline 0.001 -33"><span class='ocrx_word' id='word_1_155' title='bbox 179 1709 220 1730; x_wconf 85' lang='lat'>20</span> <span class='ocrx_word' id='word_1_156' title='bbox 236 1687 366 1728; x_wconf 85' lang='lat' dir='ltr'>feccio</span> <span class='ocrx_word' id='word_1_157' title='bbox 432 1689 677 1728; x_wconf 88' lang='lat' dir='ltr'>secundaria</span> <span class='ocrx_word' id='word_1_158' title='bbox 740 1689 818 1729; x_wconf 91' lang='lat' dir='ltr'>toti</span> <span class='ocrx_word' id='word_1_159' title='bbox 878 1691 1055 1730; x_wconf 88' lang='lat' dir='ltr'>mundo.</span> <span class='ocrx_word' id='word_1_160' title='bbox 1110 1691 1163 1730; x_wconf 86' lang='lat' dir='ltr'>Et</span> <span class='ocrx_word' id='word_1_161' title='bbox 1215 1691 1272 1731; x_wconf 87' lang='lat' dir='ltr'>sic</span> <span class='ocrx_word' id='word_1_162' title='bbox 1326 1692 1561 1731; x_wconf 87' lang='lat' dir='ltr'>secundum</span> <span class='ocrx_word' id='word_1_163' title='bbox 1601 1700 1661 1762; x_wconf 55' lang='lat' dir='ltr'>ariid</span> <span class='ocrx_word' id='word_1_164' title='bbox 1683 1709 1716 1750; x_wconf 56' lang='lat' dir='ltr'>a}</span> <span class='ocrx_word' id='word_1_165' title='bbox 1736 1700 1835 1763; x_wconf 55' lang='lat' dir='ltr'>191J1is</span> 
     </span>
     <span class='ocr_line' id='line_1_22' title="bbox 236 1744 1799 1813; baseline 0.003 -16"><span class='ocrx_word' id='word_1_166' title='bbox 236 1758 544 1798; x_wconf 84' lang='lat' dir='ltr'>humanitatem</span> <span class='ocrx_word' id='word_1_167' title='bbox 604 1759 810 1799; x_wconf 87' lang='lat' dir='ltr'>benefacit</span> <span class='ocrx_word' id='word_1_168' title='bbox 869 1761 945 1800; x_wconf 88' lang='lat' dir='ltr'>toti</span> <span class='ocrx_word' id='word_1_169' title='bbox 1005 1761 1195 1801; x_wconf 83' lang='lat' dir='ltr'>humano</span> <span class='ocrx_word' id='word_1_170' title='bbox 1249 1762 1403 1813; x_wconf 84' lang='lat' dir='ltr'>generi,</span> <span class='ocrx_word' id='word_1_171' title='bbox 1463 1775 1561 1802; x_wconf 90' lang='lat' dir='ltr'>cum</span> <span class='ocrx_word' id='word_1_172' title='bbox 1652 1744 1799 1773; x_wconf 63' lang='lat' dir='ltr'>umam).</span> 
     </span>
     <span class='ocr_line' id='line_1_23' title="bbox 235 1828 1563 1883; baseline 0.002 -16"><span class='ocrx_word' id='word_1_173' title='bbox 235 1828 357 1881; x_wconf 88' lang='lat' dir='ltr'>punit</span> <span class='ocrx_word' id='word_1_174' title='bbox 395 1843 544 1868; x_wconf 90' lang='lat' dir='ltr'>omnes</span> <span class='ocrx_word' id='word_1_175' title='bbox 584 1829 852 1882; x_wconf 83' lang='lat' dir='ltr'>dampnatos,</span> <span class='ocrx_word' id='word_1_176' title='bbox 898 1831 962 1870; x_wconf 88' lang='lat' dir='ltr'>vel</span> <span class='ocrx_word' id='word_1_177' title='bbox 1013 1845 1061 1871; x_wconf 83' lang='lat' dir='ltr'>ex</span> <span class='ocrx_word' id='word_1_178' title='bbox 1106 1831 1365 1883; x_wconf 79' lang='lat' dir='ltr'>infidelitate,</span> <span class='ocrx_word' id='word_1_179' title='bbox 1406 1841 1451 1871; x_wconf 90' lang='lat' dir='ltr'>ut</span> <span class='ocrx_word' id='word_1_180' title='bbox 1491 1846 1563 1872; x_wconf 89' lang='lat' dir='ltr'>eos</span> 
     </span>
     <span class='ocr_line' id='line_1_24' title="bbox 236 1898 1561 1953; baseline 0.003 -16"><span class='ocrx_word' id='word_1_181' title='bbox 236 1898 307 1951; x_wconf 86' lang='lat' dir='ltr'>qui</span> <span class='ocrx_word' id='word_1_182' title='bbox 352 1912 440 1938; x_wconf 88' lang='lat' dir='ltr'>non</span> <span class='ocrx_word' id='word_1_183' title='bbox 483 1899 748 1939; x_wconf 86' lang='lat' dir='ltr'>considerant</span> <span class='ocrx_word' id='word_1_184' title='bbox 792 1900 834 1939; x_wconf 91' lang='lat' dir='ltr'>in</span> <span class='ocrx_word' id='word_1_185' title='bbox 880 1901 1107 1941; x_wconf 88' lang='lat' dir='ltr'>dominum</span> <span class='ocrx_word' id='word_1_186' title='bbox 1146 1902 1289 1941; x_wconf 90' lang='lat' dir='ltr'>Jesum</span> <span class='ocrx_word' id='word_1_187' title='bbox 1329 1901 1561 1953; x_wconf 86' lang='lat' dir='ltr'>Christum,</span> 
     </span>
     <span class='ocr_line' id='line_1_25' title="bbox 235 1968 1561 2022; baseline 0.004 -16"><span class='ocrx_word' id='word_1_188' title='bbox 235 1969 300 2007; x_wconf 93' lang='lat' dir='ltr'>vel</span> <span class='ocrx_word' id='word_1_189' title='bbox 331 1982 378 2007; x_wconf 84' lang='lat' dir='ltr'>ex</span> <span class='ocrx_word' id='word_1_190' title='bbox 415 1968 710 2021; x_wconf 85' lang='lat' dir='ltr'>desperacione</span> <span class='ocrx_word' id='word_1_191' title='bbox 743 1983 827 2022; x_wconf 85' lang='lat' dir='ltr'>qua</span> <span class='ocrx_word' id='word_1_192' title='bbox 859 1970 1033 2010; x_wconf 86' lang='lat' dir='ltr'>dimissa</span> <span class='ocrx_word' id='word_1_193' title='bbox 1065 1971 1302 2011; x_wconf 90' lang='lat' dir='ltr'>debuerunt</span> <span class='ocrx_word' id='word_1_194' title='bbox 1340 1972 1561 2012; x_wconf 88' lang='lat' dir='ltr'>celestibus</span> 
     </span>
    </p>

    <p class='ocr_par' dir='ltr' id='par_1_7' title="bbox 180 2038 1562 2219">
     <span class='ocr_line' id='line_1_26' title="bbox 180 2038 1560 2095; baseline 0.004 -19"><span class='ocrx_word' id='word_1_195' title='bbox 180 2049 218 2081; x_wconf 77' lang='lat'>25</span> <span class='ocrx_word' id='word_1_196' title='bbox 236 2038 429 2091; x_wconf 88' lang='lat' dir='ltr'>aspirare,</span> <span class='ocrx_word' id='word_1_197' title='bbox 468 2039 533 2077; x_wconf 94' lang='lat' dir='ltr'>vel</span> <span class='ocrx_word' id='word_1_198' title='bbox 572 2039 700 2078; x_wconf 87' lang='lat' dir='ltr'>tercio</span> <span class='ocrx_word' id='word_1_199' title='bbox 735 2040 785 2078; x_wconf 92' lang='lat' dir='ltr'>de</span> <span class='ocrx_word' id='word_1_200' title='bbox 817 2039 974 2080; x_wconf 87' lang='lat' dir='ltr'>iudicio</span> <span class='ocrx_word' id='word_1_201' title='bbox 1008 2041 1230 2080; x_wconf 87' lang='lat' dir='ltr'>temerario</span> <span class='ocrx_word' id='word_1_202' title='bbox 1264 2055 1350 2095; x_wconf 87' lang='lat' dir='ltr'>quo</span> <span class='ocrx_word' id='word_1_203' title='bbox 1385 2042 1560 2082; x_wconf 91' lang='lat' dir='ltr'>dimisso</span> 
     </span>
     <span class='ocr_line' id='line_1_27' title="bbox 237 2108 1562 2153; baseline 0.004 -6"><span class='ocrx_word' id='word_1_204' title='bbox 237 2108 471 2148; x_wconf 90' lang='lat' dir='ltr'>debuerunt</span> <span class='ocrx_word' id='word_1_205' title='bbox 523 2108 700 2148; x_wconf 91' lang='lat' dir='ltr'>domino</span> <span class='ocrx_word' id='word_1_206' title='bbox 754 2110 850 2150; x_wconf 90' lang='lat' dir='ltr'>Jesu</span> <span class='ocrx_word' id='word_1_207' title='bbox 905 2110 1074 2150; x_wconf 88' lang='lat' dir='ltr'>Christo</span> <span class='ocrx_word' id='word_1_208' title='bbox 1120 2111 1332 2151; x_wconf 86' lang='lat' dir='ltr'>caritative</span> <span class='ocrx_word' id='word_1_209' title='bbox 1385 2112 1562 2153; x_wconf 82' lang='lat' dir='ltr'>finaliter</span> 
     </span>
     <span class='ocr_line' id='line_1_28' title="bbox 236 2177 446 2219; baseline 0.005 -2"><span class='ocrx_word' id='word_1_210' title='bbox 236 2177 446 2219; x_wconf 87' lang='lat' dir='ltr'>adherere.</span> 
     </span>
    </p>

    <p class='ocr_par' dir='ltr' id='par_1_8' title="bbox 182 2248 1558 2302">
     <span class='ocr_line' id='line_1_29' title="bbox 182 2248 1558 2302; baseline 0.004 -16"><span class='ocrx_word' id='word_1_211' title='bbox 182 2261 221 2293; x_wconf 82' lang='grc' dir='ltr'><strong>Κ</strong></span> <span class='ocrx_word' id='word_1_212' title='bbox 293 2248 346 2287; x_wconf 89' lang='lat' dir='ltr'>Et</span> <span class='ocrx_word' id='word_1_213' title='bbox 378 2248 435 2287; x_wconf 88' lang='lat' dir='ltr'>sic</span> <span class='ocrx_word' id='word_1_214' title='bbox 474 2248 717 2302; x_wconf 86' lang='lat' dir='ltr'>intelligitur</span> <span class='ocrx_word' id='word_1_215' title='bbox 754 2249 903 2302; x_wconf 80' lang='lat' dir='ltr'>triplex</span> <span class='ocrx_word' id='word_1_216' title='bbox 944 2251 1119 2290; x_wconf 84' lang='lat' dir='ltr'>causalis</span> <span class='ocrx_word' id='word_1_217' title='bbox 1161 2251 1315 2292; x_wconf 89' lang='lat' dir='ltr'>Christi</span> <span class='ocrx_word' id='word_1_218' title='bbox 1354 2252 1558 2292; x_wconf 84' lang='lat' dir='ltr'>Johannis</span> 
     </span>
    </p>
   </div>
   <div class='ocr_carea' id='block_1_3' title="bbox 233 2318 1562 2373">
    <p class='ocr_par' dir='ltr' id='par_1_9' title="bbox 233 2318 1562 2373">
     <span class='ocr_line' id='line_1_30' title="bbox 233 2318 1562 2373; baseline 0.004 -15"><span class='ocrx_word' id='word_1_219' title='bbox 233 2318 363 2369; x_wconf 85' lang='lat' dir='ltr'>XV10,</span> <span class='ocrx_word' id='word_1_220' title='bbox 398 2318 441 2358; x_wconf 83' lang='lat'>8:</span> <span class='ocrx_word' id='word_1_221' title='bbox 486 2319 653 2372; x_wconf 79' lang='lat' dir='ltr'>Arguet</span> <span class='ocrx_word' id='word_1_222' title='bbox 687 2320 894 2359; x_wconf 80' lang='lat' dir='ltr'>mundum</span> <span class='ocrx_word' id='word_1_223' title='bbox 927 2319 979 2360; x_wconf 84' lang='lat' dir='ltr'>de</span> <span class='ocrx_word' id='word_1_224' title='bbox 1004 2328 1201 2373; x_wconf 72' lang='lat' dir='ltr'>peccam,</span> <span class='ocrx_word' id='word_1_225' title='bbox 1235 2322 1285 2362; x_wconf 77' lang='lat' dir='ltr'>de</span> <span class='ocrx_word' id='word_1_226' title='bbox 1318 2324 1489 2363; x_wconf 74' lang='lat' dir='ltr'>iusticia</span> <span class='ocrx_word' id='word_1_227' title='bbox 1522 2331 1562 2363; x_wconf 84' lang='lat' dir='ltr'>et</span> 
     </span>
    </p>
   </div>
   <div class='ocr_carea' id='block_1_4' title="bbox 290 2454 1558 2496">
    <p class='ocr_par' dir='ltr' id='par_1_10' title="bbox 290 2454 1558 2496">
     <span class='ocr_line' id='line_1_31' title="bbox 290 2454 1558 2496; baseline 0.006 -15"><span class='ocrx_word' id='word_1_228' title='bbox 290 2454 314 2482; x_wconf 85' lang='lat'>5.</span> <span class='ocrx_word' id='word_1_229' title='bbox 335 2455 364 2482; x_wconf 93' lang='lat' dir='ltr'><strong>A</strong></span> <span class='ocrx_word' id='word_1_230' title='bbox 392 2454 422 2482; x_wconf 88' lang='lat' dir='ltr'>in</span> <span class='ocrx_word' id='word_1_231' title='bbox 454 2463 570 2491; x_wconf 68' lang='lat' dir='ltr'>marg:</span> <span class='ocrx_word' id='word_1_232' title='bbox 605 2455 721 2484; x_wconf 80' lang='lat' dir='ltr'>Contra</span> <span class='ocrx_word' id='word_1_233' title='bbox 752 2456 843 2485; x_wconf 84' lang='lat' dir='ltr'>dicta.</span> <span class='ocrx_word' id='word_1_234' title='bbox 879 2457 977 2486; x_wconf 88' lang='lat' dir='ltr'>Nota:</span> <span class='ocrx_word' id='word_1_235' title='bbox 1013 2458 1048 2486; x_wconf 87' lang='lat'>111</span> <span class='ocrx_word' id='word_1_236' title='bbox 1079 2458 1232 2494; x_wconf 83' lang='lat' dir='ltr'>equivoco</span> <span class='ocrx_word' id='word_1_237' title='bbox 1263 2460 1445 2488; x_wconf 85' lang='lat' dir='ltr'>conceditur</span> <span class='ocrx_word' id='word_1_238' title='bbox 1474 2462 1558 2496; x_wconf 82' lang='lat' dir='ltr'>quod</span> 
     </span>
    </p>
   </div>
   <div class='ocr_carea' id='block_1_5' title="bbox 232 2500 1559 2635">
    <p class='ocr_par' dir='ltr' id='par_1_11' title="bbox 232 2500 1559 2635">
     <span class='ocr_line' id='line_1_32' title="bbox 233 2500 1558 2537; baseline 0.005 -9"><span class='ocrx_word' id='word_1_239' title='bbox 233 2500 375 2529; x_wconf 84' lang='lat' dir='ltr'>Christus</span> <span class='ocrx_word' id='word_1_240' title='bbox 396 2507 440 2529; x_wconf 90' lang='lat' dir='ltr'>est</span> <span class='ocrx_word' id='word_1_241' title='bbox 459 2502 558 2537; x_wconf 77' lang='lat' dir='ltr'>capud</span> <span class='ocrx_word' id='word_1_242' title='bbox 581 2507 642 2530; x_wconf 85' lang='lat' dir='ltr'>tam</span> <span class='ocrx_word' id='word_1_243' title='bbox 664 2504 800 2531; x_wconf 77' lang='lat' dir='ltr'>fidelium</span> <span class='ocrx_word' id='word_1_244' title='bbox 823 2511 916 2535; x_wconf 79' lang='lat' dir='ltr'>Quam</span> <span class='ocrx_word' id='word_1_245' title='bbox 938 2505 1106 2533; x_wconf 77' lang='lat' dir='ltr'>infidelium</span> <span class='ocrx_word' id='word_1_246' title='bbox 1128 2507 1280 2534; x_wconf 86' lang='lat' dir='ltr'>omnium.</span> <span class='ocrx_word' id='word_1_247' title='bbox 1437 2508 1463 2535; x_wconf 70' lang='grc' dir='ltr'>ω’.</span> <span class='ocrx_word' id='word_1_248' title='bbox 1486 2508 1507 2535; x_wconf 88' lang='grc' dir='ltr'>Β</span> <span class='ocrx_word' id='word_1_249' title='bbox 1529 2508 1558 2535; x_wconf 88' lang='lat' dir='ltr'>in</span> 
     </span>
     <span class='ocr_line' id='line_1_33' title="bbox 233 2547 1559 2589; baseline 0.005 -14"><span class='ocrx_word' id='word_1_250' title='bbox 233 2556 345 2583; x_wconf 59' lang='lat' dir='ltr'>marg:</span> <span class='ocrx_word' id='word_1_251' title='bbox 371 2547 403 2576; x_wconf 92' lang='lat' dir='ltr'>S.</span> <span class='ocrx_word' id='word_1_252' title='bbox 423 2548 574 2577; x_wconf 82' lang='lat' dir='ltr'>Thomas.</span> <span class='ocrx_word' id='word_1_253' title='bbox 604 2549 665 2577; x_wconf 84' lang='lat' dir='ltr'>AB</span> <span class='ocrx_word' id='word_1_254' title='bbox 696 2551 726 2577; x_wconf 87' lang='lat' dir='ltr'>in</span> <span class='ocrx_word' id='word_1_255' title='bbox 756 2559 870 2586; x_wconf 61' lang='lat' dir='ltr'>marg:</span> <span class='ocrx_word' id='word_1_256' title='bbox 896 2551 1061 2579; x_wconf 81' lang='lat' dir='ltr'>Obieccio.</span> <span class='ocrx_word' id='word_1_257' title='bbox 1235 2552 1271 2580; x_wconf 80' lang='lat'>13.</span> <span class='ocrx_word' id='word_1_258' title='bbox 1294 2553 1355 2581; x_wconf 81' lang='lat' dir='ltr'>AB</span> <span class='ocrx_word' id='word_1_259' title='bbox 1384 2554 1413 2581; x_wconf 84' lang='lat' dir='ltr'>in</span> <span class='ocrx_word' id='word_1_260' title='bbox 1443 2562 1559 2589; x_wconf 61' lang='lat' dir='ltr'>marg:</span> 
     </span>
     <span class='ocr_line' id='line_1_34' title="bbox 232 2593 1451 2635; baseline 0.005 -14"><span class='ocrx_word' id='word_1_261' title='bbox 232 2593 418 2630; x_wconf 65' lang='lat' dir='ltr'>Responsio</span> <span class='ocrx_word' id='word_1_262' title='bbox 528 2596 569 2623; x_wconf 75' lang='lat'>16.</span> <span class='ocrx_word' id='word_1_263' title='bbox 593 2596 632 2623; x_wconf 74' lang='lat'>13:</span> <span class='ocrx_word' id='word_1_264' title='bbox 656 2605 835 2634; x_wconf 80' lang='lat' dir='ltr'>aggregare.</span> <span class='ocrx_word' id='word_1_265' title='bbox 943 2606 989 2635; x_wconf 73' lang='lat'>29.</span> <span class='ocrx_word' id='word_1_266' title='bbox 1012 2600 1039 2627; x_wconf 89' lang='lat' dir='ltr'><strong>A</strong></span> <span class='ocrx_word' id='word_1_267' title='bbox 1054 2599 1074 2626; x_wconf 80' lang='grc' dir='ltr'>Β</span> <span class='ocrx_word' id='word_1_268' title='bbox 1096 2599 1125 2627; x_wconf 90' lang='lat' dir='ltr'>in</span> <span class='ocrx_word' id='word_1_269' title='bbox 1149 2608 1263 2635; x_wconf 60' lang='lat' dir='ltr'>marg:</span> <span class='ocrx_word' id='word_1_270' title='bbox 1284 2599 1352 2628; x_wconf 86' lang='lat' dir='ltr'>Joh.</span> <span class='ocrx_word' id='word_1_271' title='bbox 1371 2600 1451 2628; x_wconf 88' lang='lat' dir='ltr'>XVI.</span> 
     </span>
    </p>
   </div>
   <div class='ocr_carea' id='block_1_6' title="bbox 233 2714 1557 2880">
    <p class='ocr_par' dir='ltr' id='par_1_12' title="bbox 233 2714 1557 2880">
     <span class='ocr_line' id='line_1_35' title="bbox 292 2714 1557 2764; baseline 0.006 -19"><span class='ocrx_word' id='word_1_272' title='bbox 292 2724 322 2745; x_wconf 88' lang='lat'>2.</span> <span class='ocrx_word' id='word_1_273' title='bbox 350 2714 401 2746; x_wconf 87' lang='lat' dir='ltr'>Cf.</span> <span class='ocrx_word' id='word_1_274' title='bbox 429 2715 576 2759; x_wconf 86' lang='lat' dir='ltr'>Gregor.</span> <span class='ocrx_word' id='word_1_275' title='bbox 610 2717 778 2758; x_wconf 81' lang='lat' dir='ltr'>(Regulae</span> <span class='ocrx_word' id='word_1_276' title='bbox 817 2724 905 2760; x_wconf 86' lang='lat' dir='ltr'>past.</span> <span class='ocrx_word' id='word_1_277' title='bbox 940 2718 998 2750; x_wconf 82' lang='lat' dir='ltr'>lib.</span> <span class='ocrx_word' id='word_1_278' title='bbox 1026 2719 1048 2758; x_wconf 88' lang='grc' dir='ltr'>Ι,</span> <span class='ocrx_word' id='word_1_279' title='bbox 1083 2729 1156 2762; x_wconf 84' lang='lat' dir='ltr'>cap.</span> <span class='ocrx_word' id='word_1_280' title='bbox 1184 2720 1243 2760; x_wconf 83' lang='lat' dir='ltr'>II):</span> <span class='ocrx_word' id='word_1_281' title='bbox 1280 2721 1392 2752; x_wconf 78' lang='lat' dir='ltr'>Nemo</span> <span class='ocrx_word' id='word_1_282' title='bbox 1427 2721 1557 2764; x_wconf 76' lang='lat' dir='ltr'>quippe</span> 
     </span>
     <span class='ocr_line' id='line_1_36' title="bbox 233 2772 1557 2821; baseline 0.006 -18"><span class='ocrx_word' id='word_1_283' title='bbox 233 2773 384 2815; x_wconf 87' lang='lat' dir='ltr'>amplius</span> <span class='ocrx_word' id='word_1_284' title='bbox 410 2772 445 2804; x_wconf 87' lang='lat' dir='ltr'>in</span> <span class='ocrx_word' id='word_1_285' title='bbox 471 2773 617 2806; x_wconf 83' lang='lat' dir='ltr'>ecclesia</span> <span class='ocrx_word' id='word_1_286' title='bbox 643 2782 746 2806; x_wconf 89' lang='lat' dir='ltr'>nocet</span> <span class='ocrx_word' id='word_1_287' title='bbox 783 2785 889 2817; x_wconf 87' lang='lat' dir='ltr'>quam</span> <span class='ocrx_word' id='word_1_288' title='bbox 917 2776 976 2818; x_wconf 88' lang='lat' dir='ltr'>qui</span> <span class='ocrx_word' id='word_1_289' title='bbox 1009 2787 1173 2819; x_wconf 85' lang='lat' dir='ltr'>perverse</span> <span class='ocrx_word' id='word_1_290' title='bbox 1205 2788 1312 2821; x_wconf 85' lang='lat' dir='ltr'>agens</span> <span class='ocrx_word' id='word_1_291' title='bbox 1339 2790 1470 2811; x_wconf 86' lang='lat' dir='ltr'>nomen</span> <span class='ocrx_word' id='word_1_292' title='bbox 1503 2781 1557 2811; x_wconf 88' lang='lat' dir='ltr'>vel</span> 
     </span>
     <span class='ocr_line' id='line_1_37' title="bbox 233 2831 1556 2880; baseline 0.007 -19"><span class='ocrx_word' id='word_1_293' title='bbox 233 2831 392 2862; x_wconf 84' lang='lat' dir='ltr'>ordinem</span> <span class='ocrx_word' id='word_1_294' title='bbox 419 2833 609 2864; x_wconf 82' lang='lat' dir='ltr'>sanctitatis</span> <span class='ocrx_word' id='word_1_295' title='bbox 627 2832 742 2865; x_wconf 88' lang='lat' dir='ltr'>habet.</span> <span class='ocrx_word' id='word_1_296' title='bbox 770 2833 872 2866; x_wconf 86' lang='lat' dir='ltr'>Conf.</span> <span class='ocrx_word' id='word_1_297' title='bbox 890 2833 968 2866; x_wconf 89' lang='lat' dir='ltr'>dist.</span> <span class='ocrx_word' id='word_1_298' title='bbox 985 2834 1165 2877; x_wconf 87' lang='lat' dir='ltr'>LXXXIII,</span> <span class='ocrx_word' id='word_1_299' title='bbox 1193 2847 1220 2869; x_wconf 89' lang='lat' dir='ltr'>c.</span> <span class='ocrx_word' id='word_1_300' title='bbox 1237 2847 1266 2878; x_wconf 81' lang='lat'>2,</span> <span class='ocrx_word' id='word_1_301' title='bbox 1293 2847 1388 2880; x_wconf 91' lang='lat' dir='ltr'>corp.</span> <span class='ocrx_word' id='word_1_302' title='bbox 1404 2838 1466 2870; x_wconf 88' lang='lat' dir='ltr'>iur.</span> <span class='ocrx_word' id='word_1_303' title='bbox 1482 2848 1556 2872; x_wconf 82' lang='lat' dir='ltr'>can.</span> 
     </span>
    </p>
   </div>
   <div class='ocr_carea' id='block_1_7' title="bbox 217 2885 1484 2939">
    <p class='ocr_par' dir='ltr' id='par_1_13' title="bbox 217 2885 1484 2939">
     <span class='ocr_line' id='line_1_38' title="bbox 217 2885 1484 2939; baseline 0.008 -20"><span class='ocrx_word' id='word_1_304' title='bbox 217 2885 251 2918; x_wconf 81' lang='grc' dir='ltr'>ὁ.</span> <span class='ocrx_word' id='word_1_305' title='bbox 281 2887 442 2921; x_wconf 87' lang='lat' dir='ltr'>Thomae</span> <span class='ocrx_word' id='word_1_306' title='bbox 469 2890 597 2933; x_wconf 83' lang='lat' dir='ltr'>Aquin.</span> <span class='ocrx_word' id='word_1_307' title='bbox 627 2891 719 2934; x_wconf 89' lang='lat' dir='ltr'>Opp.</span> <span class='ocrx_word' id='word_1_308' title='bbox 748 2892 827 2934; x_wconf 88' lang='lat' dir='ltr'>(Ed.</span> <span class='ocrx_word' id='word_1_309' title='bbox 857 2893 980 2925; x_wconf 88' lang='lat' dir='ltr'>Venet.</span> <span class='ocrx_word' id='word_1_310' title='bbox 1013 2894 1114 2938; x_wconf 79' lang='lat'>1774)</span> <span class='ocrx_word' id='word_1_311' title='bbox 1141 2902 1228 2928; x_wconf 89' lang='lat' dir='ltr'>tom.</span> <span class='ocrx_word' id='word_1_312' title='bbox 1256 2897 1296 2937; x_wconf 79' lang='lat' dir='ltr'>V,</span> <span class='ocrx_word' id='word_1_313' title='bbox 1322 2906 1401 2939; x_wconf 88' lang='lat' dir='ltr'>pag.</span> <span class='ocrx_word' id='word_1_314' title='bbox 1431 2896 1484 2929; x_wconf 84' lang='lat'>51.</span> 
     </span>
    </p>
   </div>
  </div>
 </body>
</html>
