2045 3312
104 282 185 320 244
831 278 1056 310 JOHANNIS
1083 278 1279 310 wrcrlr.
1536 264 1639 323 [CAP.
1662 275 1712 302 Χῖ»

385 391 516 436 pater
568 387 646 423 ait:
702 384 749 423 Si
800 385 896 437 quis
942 391 1195 436 peccantem
1249 383 1508 437 defenderit,
1566 384 1813 425 acria-<163⁸

391 467 519 507 quam
569 455 641 494 ille
686 455 760 508 qui
797 455 997 507 peccavit
1040 455 1337 494 coherceatur.
1402 454 1524 494 Hinc
1576 456 1712 494 eciam

392 525 506 564 alius
543 532 675 577 pater
707 526 785 564 ait:
829 524 874 563 Si
904 525 1002 578 quis
1033 524 1214 564 alterius
1247 526 1392 564 errori
1423 526 1707 573 consenserit,

390 596 499 635 sciat
529 608 573 635 se
606 608 702 635 cum
733 596 808 635 illo
829 595 965 635 simili
990 595 1116 634 modo
1140 595 1396 648 culpabilem
1421 593 1714 634 iudicandum.

391 664 555 705 Sufficit
588 679 685 718 ergo
720 664 941 718 prepositis
975 674 1195 718 peccatum
1238 665 1461 719 proprium
1507 665 1582 705 etsi
1629 673 1756 705 nonb

393 736 611 775 cumulent
642 735 841 775 alienum.
877 735 1051 789 Insuper
1073 735 1187 775 aliud
1218 736 1374 775 mirum
1404 744 1465 775 est
1494 736 1715 789 quomodo

393 814 578 845 extortus
631 815 691 845 est
744 819 889 845 sensus
942 805 1192 859 nephandus
1245 819 1292 845 ex
1337 805 1450 846 dicto
1496 805 1716 858 privilegio

391 877 506 929 quod
540 875 635 915 licet
657 876 983 916 sceleratissimis
1013 876 1163 916 cubare
1187 876 1344 916 ibidem
1366 875 1407 915 in
1437 890 1515 916 suo
1544 875 1716 915 crimine

393 946 479 985 sine
526 946 795 999 correpcione
841 947 980 999 penali
1020 960 1096 1000 pro
1142 955 1230 986 tota
1263 961 1341 987 suo
1381 946 1570 1000 periodo,
1617 960 1713 985 cum

393 1030 468 1055 nec
517 1017 641 1056 verba
687 1017 891 1070 privilegii
936 1017 1039 1056 illud
1073 1017 1312 1058 annuerint.
1346 1018 1456 1057 Nam
1494 1016 1774 1069 potissimero

393 1097 711 1140 extorqueretur
755 1089 804 1127 de
853 1087 933 1128 isto
978 1088 1105 1127 verbo
1159 1088 1275 1141 quod
1333 1087 1514 1127 habeant
1556 1087 1713 1126 ibidem

395 1157 692 1197 omnimodam
738 1157 986 1199 libertatem.
1050 1158 1131 1197 Sed
1176 1171 1316 1197 revera
1363 1171 1411 1196 ex
1454 1157 1542 1197 istis
1580 1156 1714 1196 verbis

395 1237 583 1281 patenter
615 1227 789 1268 infertur
821 1228 1085 1282 oppositum,
1119 1242 1218 1268 cum
1250 1228 1416 1268 libertas
1449 1228 1501 1267 ad
1533 1240 1715 1280 pausan-

395 1299 498 1338 dum
542 1298 583 1337 in
629 1298 809 1352 peccatis
855 1312 941 1337 non
987 1298 1092 1338 foret
1137 1299 1316 1350 libertas,
1363 1312 1413 1338 eo
1459 1298 1576 1352 quod
1615 1307 1716 1337 tunc

394 1369 563 1422 spiritus
598 1369 818 1409 infernales
853 1369 989 1409 forent
1020 1369 1232 1410 liberrimi.
1737 1372 1773 1404 15

116 1443 184 1472 The
207 1444 315 1479 period
337 1443 371 1470 0f
456 1440 508 1478 Et
538 1439 568 1479 si
599 1449 796 1493 queratur
825 1449 1030 1493 quantam
1052 1440 1284 1480 libertatem
1308 1439 1522 1480 habebunt
1544 1439 1715 1488 ibidem,
1732 1442 1756 1474 3
1781 1441 1817 1474 Ν

162 1479 329 1515 immunity

121 1514 362 1577 Ηιὲῐίιῖῖιὲῐάθίὲείη
397 1509 547 1550 dicitur
585 1510 701 1563 quod
745 1524 898 1563 magna
942 1510 1108 1550 libertas
1154 1519 1214 1550 est
1253 1523 1452 1550 concessa
1489 1523 1512 1548 a
1550 1508 1714 1562 regibus

104 1584 379 1653 ⁰¹¹}sss4ssshgfflff3'
397 1580 567 1620 ecclesie
585 1581 828 1634 Anglicane,
853 1582 959 1621 ultra
982 1580 1063 1620 hoc
1087 1582 1204 1634 quod
1219 1581 1375 1620 habent
1395 1594 1520 1633 regna
1548 1579 1627 1618 alia
1650 1578 1714 1617 vel

299 1649 307 1655 ’
396 1650 637 1703 exprimunt
654 1651 745 1691 iura
769 1650 983 1701 canonica,
1008 1650 1164 1690 scilicet
1187 1651 1303 1704 quod
1327 1650 1501 1703 quilibet
1516 1648 1716 1702 fugitivus

397 1721 447 1759 ad
467 1734 767 1774 quamcunque
784 1720 1000 1760 ecclesiam
1017 1720 1057 1759 in
1074 1720 1228 1774 Anglia
1252 1734 1329 1773 pro
1353 1719 1539 1773 qualibet
1563 1719 1716 1758 felonia
1734 1733 1775 1755 20

396 1790 547 1830 habeat
600 1791 756 1830 ibidem
809 1800 976 1844 tempus
1030 1791 1305 1844 quadraginta
1364 1790 1528 1829 dierum
1587 1789 1718 1828 instar

396 1861 681 1901 Ninivitarum
716 1871 754 1901 et
787 1861 1077 1915 penitencium
1116 1861 1157 1900 in
1192 1860 1526 1914 Quadragesima
1565 1859 1718 1913 quibus

397 1941 461 1971 tot
492 1940 685 1984 tempora
718 1931 952 1984 penitencie
985 1940 1082 1971 sunt
1115 1945 1325 1971 concessa.
1356 1931 1437 1969 Pro
1471 1930 1543 1969 illo
1577 1938 1718 1969 tamen

398 2002 493 2041 loco
523 2001 682 2041 excedit
705 2001 809 2040 illud
833 2001 1100 2055 privilegium
1122 2001 1164 2041 in
1188 2002 1373 2041 duobus:
1409 1999 1548 2053 primo
1572 1999 1615 2038 in
1638 1999 1718 2038 hoc

118 2073 198 2100 Two
220 2074 323 2108 points
346 2073 374 2101 in
400 2073 529 2125 quod,
563 2072 632 2111 ubi
667 2071 707 2110 in
739 2072 828 2110 aliis
860 2072 963 2112 locis
995 2071 1254 2125 restringitur
1287 2071 1389 2111 situs
1422 2071 1473 2110 ad
1506 2069 1718 2109 basilicam
1736 2073 1776 2105 25

132 2109 229 2136 which
253 2109 359 2136 West-

108 2145 237 2171 minster
253 2144 382 2170 excecds
402 2142 466 2180 vel
498 2155 658 2194 paucos
682 2156 828 2195 passus
863 2151 975 2181 extra
1008 2141 1240 2192 ecclesiam,
1275 2140 1331 2179 ibi
1365 2149 1544 2193 possunt
1577 2153 1719 2178 secure

107 2180 188 2206 mim
210 2179 381 2205 mmmm*
399 2211 609 2265 quiescere
643 2225 716 2265 per
748 2221 886 2251 totum
929 2211 1192 2264 precinctum
1224 2209 1608 2259 KVestmonasterii‚
1646 2209 1717 2248 ubi

398 2281 530 2320 eciam
553 2281 593 2320 in
618 2282 706 2320 aliis
731 2282 911 2321 ecclesiis
935 2281 1138 2321 limitatur
1166 2294 1290 2320 causa
1313 2279 1408 2333 fuge
1431 2280 1481 2318 ad
1507 2279 1719 2327 felonknn,

399 2351 453 2390 ibi
487 2352 722 2391 extenditur
768 2352 818 2390 ad
864 2352 1152 2405 quodcunque
1198 2350 1358 2390 facinus
1390 2350 1454 2389 vel
1505 2351 1719 2398 delictum,

399 2435 496 2461 cum
519 2436 606 2474 quo
630 2431 708 2461 stat
731 2422 842 2475 regni
878 2421 1133 2475 prosperitas
1167 2429 1205 2460 et
1238 2420 1451 2473 integritas
1483 2419 1643 2472 regalie.
1679 2419 1718 2459 Si
1738 2432 1778 2454 ,πο

398 2501 539 2530 autem
573 2492 752 2544 placeret
777 2492 858 2543 regi
895 2501 934 2531 et
963 2505 1040 2530 suo
1066 2490 1245 2530 consilio
1281 2491 1511 2529 concedere
1535 2489 1718 2542 fugitivis

399 2561 508 2600 illius
553 2561 631 2600 loci
667 2562 900 2601 libertatem
945 2562 1163 2610 maiorem,
1204 2561 1429 2614 gauderem
1475 2569 1514 2598 et
1558 2559 1720 2598 assidue

399 2645 681 2684 procurarem,
705 2632 775 2670 sed
793 2631 841 2684 (si
861 2645 945 2670 non
965 2630 1101 2685 fallor)
1127 2645 1172 2670 ex
1196 2631 1337 2670 debito
1353 2643 1476 2669 sensu
1496 2629 1719 2668 verborum

399 2701 600 2754 privilegii
648 2715 732 2740 non
781 2710 921 2754 potest
972 2702 1104 2741 homo
1163 2701 1409 2740 convincere
1454 2699 1717 2752 ampliorem.

452 2882 471 2900 1.
496 2874 526 2900 ln
549 2874 683 2901 decret:
704 2873 851 2901 defendit.
986 2874 1025 2901 [³1.
1043 2874 1068 2900 Α
1091 2875 1147 2908 Αιτ
1169 2873 1300 2908 fugitivi.
1428 2870 1460 2906 34
1496 2872 1523 2898 A
1546 2873 1603 2905 Al:
1626 2872 1721 2900 homo

399 2922 500 2950 deest:
524 2922 578 2955 A1:
601 2922 807 2948 committere.
830 2921 854 2947 Α
880 2919 917 2946 B:
940 2920 1120 2954 convicew
1142 2921 1272 2948 correxi.
