2045 3312
107 259 193 297 414
841 255 1067 288 JOHANNIS
1094 256 1290 289 WYCLIF.
1497 243 1601 301 [CAP.
1623 255 1718 283 XVII.

398 369 459 399 est
504 373 586 399 una
619 374 797 413 persona
846 361 1079 401 successiva
1111 376 1133 401 a
1166 361 1372 415 principio
1407 362 1555 401 mundi
1588 377 1723 417 usque
1746 372 1877 415 186¹³Q

397 430 448 469 ad
493 429 604 469 diem
642 429 797 482 iudicii,
832 439 871 470 et
904 440 1000 484 post
1043 431 1211 472 habebit
1257 431 1325 471 illa
1370 445 1550 485 persona
1581 433 1725 474 omnia

397 499 485 539 eius
530 500 732 551 membra,
778 500 903 539 simul
947 510 1152 554 perpetuo
1206 502 1327 541 beata
1379 511 1417 542 et
1468 502 1579 542 illius
1631 517 1722 557 per-

139 582 207 610 The
223 579 346 609 Church
396 583 498 609 sone
546 584 658 610 nunc
705 584 789 610 una
833 585 926 624 pars
972 581 1033 612 est
1079 572 1263 612 militans
1297 582 1336 612 et
1370 586 1481 613 nunc
1513 573 1606 625 alia,
1651 575 1723 613 sed

107 619 380 694 siisct'ffifnffugggs'-
396 639 503 680 sicut
547 641 663 680 nulla
696 655 789 693 pars
824 651 884 681 est
915 641 1088 696 reliqua,
1130 642 1186 682 sic
1220 651 1307 682 tota
1330 642 1399 682 illa
1432 643 1604 683 ecclesia
1637 653 1756 686 non5

151 697 214 717 ⁵⁸⁷³
236 693 331 724 ‘³³⁸³’
396 719 455 750 est
500 724 594 763 pars
642 711 729 751 eius
772 711 912 765 aliqua
957 713 1027 751 sed
1072 726 1156 752 una
1188 713 1327 753 totalis
1361 722 1401 753 et
1440 713 1620 766 gloriosa
1659 714 1720 752 in-

395 781 759 821 communicabilis
803 796 993 835 persona.
1043 783 1141 822 Non
1187 783 1300 822 enim
1348 783 1457 836 capit
1503 783 1723 836 ingenium

393 852 633 892 humanum
677 853 792 905 quod
834 852 911 892 iste
950 866 1081 906 pauce
1120 867 1297 906 persone
1345 853 1571 894 militantes
1619 867 1722 907 quas

394 921 583 962 falsarius
606 931 728 962 vocat
758 922 1038 963 universalem
1071 924 1288 964 ecclesiam
1321 924 1403 964 sint
1435 924 1512 964 alie
1544 938 1721 977 persone

393 992 655 1032 coniunctim
687 993 753 1033 vel
785 993 965 1046 divisim,
998 1008 1146 1048 ymmo
1177 994 1227 1033 ad
1257 994 1463 1034 alietatem
1496 995 1719 1035 cuiuscun-
1741 1014 1779 1035 10

394 1077 475 1116 que
520 1063 721 1117 simplicis
769 1078 947 1117 persone
997 1064 1186 1118 sequitur
1237 1064 1378 1104 alietas
1435 1065 1718 1106 multitudinis

395 1146 476 1187 que
509 1133 645 1187 ipsam
668 1147 888 1187 personam
922 1134 1099 1174 caruerit
1121 1149 1143 1174 a
1166 1135 1438 1175 multitudine
1469 1149 1550 1189 que
1582 1136 1719 1189 ipsam

393 1217 617 1256 personam
650 1213 869 1258 tamquam
902 1214 1065 1258 partem
1087 1205 1292 1245 habuerit.
1328 1206 1426 1245 Ideo
1456 1205 1524 1245 illa
1548 1207 1720 1247 ecclesia

395 1273 597 1313 catholica
631 1287 711 1327 que
743 1275 863 1314 durat
898 1289 919 1313 a
955 1274 1162 1328 principio
1187 1289 1322 1330 usque
1346 1275 1387 1314 in
1411 1275 1541 1316 finem
1570 1278 1717 1317 mundi

394 1357 479 1383 non
514 1353 574 1383 est
606 1358 785 1397 persone
816 1345 882 1384 vel
914 1345 1144 1385 multitudo
1174 1345 1363 1386 fidelium
1395 1360 1476 1401 que
1510 1361 1622 1387 nunc
1659 1358 1719 1388 est
1740 1355 1776 1388 15

101 1425 204 1488 „Soir‘ige
223 1425 377 1488 ὲιῃιῐοὶῗέε
394 1415 628 1454 secundum
662 1429 702 1454 se
736 1424 884 1466 totam,
919 1416 991 1455 sed
1030 1415 1099 1455 illa
1123 1417 1354 1457 multitudo
1388 1426 1448 1457 est
1481 1431 1575 1471 pars
1608 1418 1718 1458 illius

188 1482 194 1494 ,
303 1481 320 1495 0

120 1503 160 1523 on
183 1497 360 1531 increasjng
393 1484 562 1523 ecclesie
610 1485 811 1525 catholice
834 1485 859 1513 ²³³
882 1500 963 1540 que
1016 1496 1077 1526 est
1129 1487 1169 1526 in
1217 1501 1372 1541 magno
1432 1497 1621 1542 tempore
1680 1494 1815 1529 et186b

101 1533 249 1601 gatiigielci
270 1531 323 1594 liiib
338 1567 374 1594 au
393 1567 559 1608 semper
592 1564 688 1608 post
720 1556 832 1595 diem
866 1556 1023 1608 iudicii,
1073 1558 1144 1596 sed
1178 1557 1219 1596 in
1253 1558 1371 1597 nullo
1404 1558 1575 1598 instanti
1609 1568 1714 1599 tem-

159 1602 208 1629 the
229 1604 318 1630 elect.
393 1625 504 1677 poris
539 1634 599 1665 est
631 1640 704 1678 per
732 1635 871 1666 totum
904 1636 1000 1666 ante
1040 1627 1321 1667 novissimum
1353 1628 1534 1668 electum
1566 1643 1642 1668 nec
1675 1630 1715 1669 in

393 1694 532 1748 aliqua
577 1705 692 1748 parte
739 1696 829 1735 talis
878 1697 1094 1750 temporiS‚
1138 1707 1177 1738 et
1223 1698 1313 1738 talis
1360 1699 1533 1739 ecclesia
1573 1700 1713 1754 augeri
1735 1717 1774 1738 20

392 1773 530 1817 potest
573 1767 643 1805 sed
690 1780 776 1806 non
824 1767 974 1818 minui,
1022 1781 1105 1807 non
1153 1768 1268 1821 quod
1301 1770 1448 1808 eadem
1481 1770 1714 1810 multitudo

392 1836 772 1887 predestinatorum
820 1837 861 1876 in
897 1851 1074 1878 numero
1114 1838 1166 1878 sit
1198 1852 1311 1878 nunc
1345 1840 1485 1892 plures
1519 1839 1715 1879 homines

393 1914 432 1945 et
479 1920 591 1947 nunc
638 1907 873 1960 pauciores,
934 1909 1006 1948 sed
1059 1909 1174 1962 quod
1228 1908 1340 1948 idem
1386 1923 1616 1950 commune
1664 1911 1715 1950 acl

393 1986 581 2016 sanctam
618 1979 793 2018 totalem
826 1978 1044 2018 ecclesiam
1077 1978 1330 2019 militantem
1360 1980 1411 2020 sit
1434 1994 1545 2020 nunc
1579 1981 1715 2020 maius

393 2055 431 2085 et
469 2061 581 2087 nunc
621 2048 776 2099 minus,
815 2048 922 2088 sicut
960 2049 1149 2103 loquitur
1184 2049 1385 2103 scriptura
1422 2053 1513 2089 Act.
1554 2051 1629 2090 VIO
1664 2050 1714 2089 de
1731 2057 1770 2088 25

391 2127 598 2158 crescente
615 2132 791 2158 numero
807 2119 1128 2172 discipulorum.
1148 2120 1265 2160 Sicut
1288 2134 1385 2173 ergo
1410 2120 1521 2159 idern
1545 2130 1713 2173 tempus

392 2186 431 2225 in
486 2201 665 2228 numero
707 2202 792 2227 non
838 2189 1068 2229 maioratur
1111 2191 1174 2229 vel
1221 2190 1469 2241 minoratur,
1523 2190 1579 2229 sic
1637 2204 1712 2230 nec

391 2259 537 2297 eadem
587 2259 756 2298 ecclesia
803 2259 845 2298 in
889 2273 1067 2299 numero
1104 2259 1179 2298 nisi
1215 2260 1461 2313 accipiendo
1495 2260 1712 2300 ecclesiam

390 2329 673 2368 communiter
725 2343 800 2382 pro
854 2330 987 2383 capite
1040 2339 1079 2369 et
1130 2343 1383 2383 quacunque
1443 2330 1712 2370 multitudine

388 2399 504 2438 totali
530 2399 816 2439 membrorum
843 2413 1031 2440 suorum.
1050 2399 1115 2440 Sic
1137 2400 1251 2440 enim
1274 2401 1503 2441 maioratur
1526 2401 1710 2453 ecclesia,
1727 2405 1770 2437 30
1793 2457 1796 2461 ¹

391 2478 435 2508 ut
466 2469 598 2509 homo
632 2478 765 2509 stante
798 2470 956 2510 unitate
989 2471 1134 2523 capitis
1167 2480 1214 2511 ut
1245 2471 1395 2512 anime.
1431 2472 1511 2511 Sed
1541 2472 1616 2511 ista
1638 2486 1708 2511 ve-

388 2539 485 2578 ritas
518 2539 737 2579 necessitat
769 2541 820 2579 ad
852 2542 1100 2593 ponendum
1127 2543 1242 2595 quod
1272 2542 1414 2581 omnia
1437 2557 1518 2596 que
1542 2542 1710 2582 fuerunt

387 2609 451 2647 vel
497 2620 616 2648 erunt
664 2619 761 2649 sunt
806 2624 882 2663 pro
940 2624 1017 2651 suo
1068 2621 1255 2665 tempore
1302 2613 1519 2652 causancia
1573 2626 1708 2652 unum

388 2678 612 2733 integrum,
658 2680 776 2720 cuius
823 2694 917 2733 pars
963 2691 1023 2721 est
1066 2695 1142 2734 pro
1186 2691 1301 2735 parte
1334 2682 1534 2736 temporis
1568 2683 1706 2723 totalis

441 2852 480 2879 18.
504 2851 540 2879 B:
564 2852 617 2879 scd
641 2852 670 2879 in
693 2852 743 2879 illo
766 2852 902 2880 instanti.
995 2860 1098 2888 19.20.
1120 2853 1157 2880 B:
1181 2862 1253 2882 vero
1276 2855 1305 2882 in
1328 2854 1439 2890 aliqua.
1538 2855 1579 2883 23.
1601 2856 1628 2882 A
1649 2856 1705 2891 Al:

387 2899 559 2926 secundum
582 2900 663 2934 quod
687 2899 779 2926 idem.
