2045 3312
147 259 201 312 96
862 266 1086 300 JOHANNIS
1110 266 1307 300 wvcmr.
1601 250 1760 309 [cmv.

149 371 428 434 Ἑξῡὴζξξξςᾞξέ
503 374 555 413 Et
589 373 646 412 sic
680 383 819 426 potest
852 373 1025 426 intelligi
1058 386 1215 426 papam
1247 385 1335 412 esse
1369 380 1494 424 caput
1516 368 1762 409 universalis
1782 381 1858 420 141e
1881 377 1912 410 G

180 442 398 507 nfeffiffigffie
444 443 627 495 ecclesie,
659 443 725 483 vel
740 443 782 482 in
806 452 1017 497 quantum
1039 442 1334 482 ministratorie
1357 441 1638 495 propinquius
1660 440 1765 494 gerit

147 511 422 575 {gffti‘ffissffffl
442 513 726 554 ministerium
759 513 913 554 Christi
947 526 1076 567 quem
1108 511 1259 565 induit,
1292 512 1357 552 vel
1378 512 1565 552 secundo
1590 511 1764 566 equivo-

244 583 320 609 su'e·
443 585 577 625 cando
610 585 652 623 in
698 583 936 635 universali,
984 582 1273 622 universaliori
1322 591 1362 622 et
1408 581 1764 622 universalissimo

442 654 699 708 intelligatur
745 668 818 707 per
862 653 1143 694 universalem
1191 652 1409 693 ecclesiam
1460 661 1549 694 tota
1594 652 1797 693 ecclesia5

444 724 629 765 militans
663 738 793 779 quarn
826 723 893 764 hic
924 724 1052 779 regit3
1085 738 1169 778 que
1202 724 1325 763 debet
1347 723 1532 776 supponi
1555 723 1766 763 extencior

443 810 571 849 quam
604 795 684 835 alia
716 794 904 834 militans
950 794 1017 835 cui
1060 794 1238 835 vicarius
1287 793 1374 834 eius
1418 802 1568 847 preest.
1615 793 1765 833 Melius

442 875 583 906 tamen
618 865 726 905 foret
756 865 880 905 inniti
913 866 1045 906 modo
1077 864 1282 919 loquendi
1321 864 1524 918 scripture
1557 872 1596 904 et
1636 863 1766 903 instar

444 936 739 990 apostolorum
790 936 1103 976 vehemenciori
1156 949 1203 976 ac
1257 934 1473 975 humiliori
1531 933 1765 974 ministerio

442 1007 582 1047 totalis
617 1006 787 1047 ecclesie
828 1016 1000 1060 propter
1050 1005 1344 1060 blasphemam
1381 1004 1635 1060 ydolatriam
1673 1017 1764 1058 pre·
1786 1019 1824 1041 10

444 1078 688 1118 cavendam.
722 1078 833 1117 Nam
866 1078 969 1117 dum
1008 1091 1118 1131 papa
1164 1090 1251 1116 non
1297 1075 1581 1130 supereminet
1624 1075 1767 1129 quoad

442 1149 596 1200 Deum,
630 1148 702 1187 sed
735 1147 1000 1202 appreciatur
1028 1146 1237 1188 honorem
1260 1147 1490 1187 secularem
1521 1146 1617 1200 plus
1640 1158 1766 1199 opere

443 1219 577 1258 servili
613 1219 798 1270 ecclesie,
830 1228 932 1259 tunc
965 1217 1061 1258 facit
1093 1218 1308 1272 populum
1340 1231 1426 1257 non
1450 1217 1621 1256 adorare
1655 1229 1771 1267 eum,

444 1289 515 1328 sed
549 1298 706 1329 statum
739 1302 1020 1329 communem
1042 1289 1085 1327 in
1108 1288 1190 1328 alio
1214 1289 1266 1327 ad
1289 1288 1352 1328 sui
1386 1288 1567 1327 dedecus
1600 1295 1639 1326 et
1660 1300 1768 1340 ypo-

445 1359 544 1398 crite
592 1359 908 1399 detrimentum.
961 1359 1015 1398 Et
1072 1359 1128 1398 ita
1173 1359 1345 1399 ecclesia
1391 1359 1587 1398 Romana
1632 1359 1825 1410 potest15

445 1429 553 1469 sumi
587 1429 819 1483 tripliciter:
852 1430 917 1469 vel
955 1443 1032 1483 pro
1066 1430 1236 1469 ecclesia
1269 1428 1473 1469 catholica
1511 1427 1577 1483 (ut
1608 1427 1651 1466 in
1689 1425 1771 1466 fine

447 1499 626 1553 proximi
661 1498 867 1555 capituli),
911 1500 977 1539 vel
1024 1514 1101 1553 pro
1147 1514 1269 1552 papa,
1312 1499 1379 1539 vel
1426 1498 1687 1538 coniunctim
1733 1505 1771 1536 et

447 1569 614 1609 divisim
637 1584 713 1623 pro
729 1585 806 1610 suo
831 1570 1023 1624 collegio.
1048 1570 1129 1610 Sed
1152 1570 1228 1609 hec
1252 1570 1337 1609 duo
1353 1569 1544 1609 membra
1557 1576 1772 1621 postrema

449 1649 547 1681 sunt
580 1650 752 1682 extorta.

184 1705 399 1769 Tffilsslegfffflgh
509 1712 704 1751 Secundo
738 1710 1024 1764 principaliter
1056 1710 1245 1763 arguitur
1277 1719 1422 1750 contra
1454 1709 1565 1749 dicta
1596 1721 1670 1762 per
1691 1707 1821 1746 hocD

219 1777 376 1808 dormant,

192 1812 324 1839 militant
346 1812 407 1837 and

199 1846 394 1881 triumphant

153 1881 180 1908 is
202 1888 324 1908 notone
340 1880 436 1916 body,

156 1917 241 1943 since
254 1917 339 1943 these
352 1921 435 1950 parts

190 1960 241 1979 are
262 1955 415 1987 separate.

449 1783 564 1835 quod
598 1782 724 1821 nichil
747 1796 884 1821 unum
907 1791 946 1821 et
961 1781 1192 1835 specialiter
1209 1794 1295 1820 non
1319 1794 1453 1820 unum
1478 1794 1632 1833 corpus
1655 1792 1771 1818 com-

450 1852 624 1905 ponitur
656 1866 703 1891 ex
748 1852 961 1905 spiritibus
1006 1852 1047 1890 in
1094 1851 1352 1905 purgatorio,
1397 1865 1445 1891 ex
1477 1850 1687 1890 viantibus
1729 1849 1771 1887 in

450 1923 614 1962 mundo
677 1931 717 1962 et
757 1936 804 1962 ex
844 1922 1205 1975 triumphantibus
1250 1921 1290 1960 in
1332 1921 1436 1973 celo,
1494 1935 1592 1960 cum
1643 1919 1772 1959 conti-

452 1993 604 2033 nuacio
623 2003 661 2033 et
684 1993 786 2033 unio
819 1993 900 2033 sint
933 1994 983 2032 de
1015 1992 1199 2032 essencia
1222 1991 1421 2045 corporis,
1445 2005 1495 2031 eo
1519 1990 1634 2044 quod
1657 1989 1774 2029 aliter

450 2064 602 2118 periret
635 2064 814 2104 sciencia
846 2063 1068 2103 linearum.
1787 2060 1827 2093 25

158 2128 432 2199 Sepssffiiffiiisno
509 2135 587 2175 Hic
632 2144 808 2187 negatur
839 2142 1122 2187 assumptum,
1168 2146 1243 2173 nec
1283 2141 1344 2172 est
1388 2130 1662 2171 continuacio
1706 2130 1771 2170 vel

184 2199 289 2226 barto
312 2198 407 2234 unity.
453 2206 571 2255 unio,
614 2218 713 2245 cum
745 2205 796 2244 sit
828 2204 1018 2244 accidens
1052 2205 1101 2244 de
1135 2202 1318 2243 essencia
1352 2201 1640 2254 cuiuscunque
1673 2201 1769 2240 sub-

451 2276 627 2328 stancie3
661 2290 759 2315 nam
792 2276 833 2314 in
867 2283 1082 2329 quotquot
1113 2282 1251 2327 partes
1285 2271 1581 2326 quantitativas
1620 2284 1772 2323 corpus

450 2346 628 2386 martiris
651 2346 675 2374 ²³³
699 2346 879 2386 divisum
913 2344 1048 2394 fuerit,
1092 2352 1235 2383 manet
1275 2343 1451 2383 durante
1489 2341 1623 2380 forma
1660 2340 1772 2380 idem
1793 2337 1870 2382 14¹⁶

452 2430 603 2469 corpus
637 2416 677 2455 in
712 2430 905 2467 numero,
939 2425 978 2455 et
1001 2415 1193 2455 Christus
1217 2413 1293 2453 suit
1316 2412 1561 2453 humanitus
1584 2411 1625 2450 in
1640 2410 1772 2449 limbo
1789 2410 1832 2442 30

454 2496 493 2526 et
526 2495 722 2526 mortuus
755 2486 795 2525 in
829 2485 1066 2538 sepulchro,
1101 2484 1223 2525 Absit
1255 2497 1353 2537 ergo
1393 2483 1509 2536 quod
1554 2482 1771 2521 credamus

452 2557 614 2597 animas
647 2555 837 2597 fidelium
885 2554 1186 2596 defunctorum
1229 2564 1329 2594 tunc
1374 2567 1462 2593 non
1506 2566 1593 2593 esse
1638 2559 1774 2605 partes

506 2738 547 2758 10.
570 2730 645 2758 Ass:
678 2729 914 2764 blasphemiam.
1060 2728 1102 2755 ΜΞ.
1137 2728 1164 2755 Λ
1200 2728 1229 2754 in
1261 2734 1372 2760 marg:
1403 2723 1613 2761 Equivocacio
1644 2722 1775 2750 ecclesie

453 2776 590 2804 Romane
616 2776 652 2803 ad
674 2776 741 2803 tria.
886 2782 931 2802 20.
953 2775 981 2802 Λ
1002 2775 1031 2802 in
1053 2782 1169 2809 marg:
1190 2773 1335 2801 Secunda
1355 2772 1506 2800 obieccio.
1633 2777 1676 2796 22.
1698 2771 1724 2797 Α
1746 2769 1775 2796 in

454 2832 569 2859 marg:
601 2823 827 2858 purgatorium.
972 2829 1018 2855 24.
1047 2821 1084 2848 13:
1122 2821 1195 2849 unio
1228 2825 1309 2848 sunt.
1459 2819 1504 2846 26.
1537 2819 1566 2845 A
1597 2817 1627 2844 in
1661 2824 1775 2851 marga

453 2869 640 2905 Responsio.
765 2877 812 2904 29.
833 2870 861 2896 A
881 2867 911 2896 in
935 2876 1052 2902 marg:
1091 2867 1313 2896 Arismetricus
1335 2871 1363 2894 et
1384 2870 1544 2901 geometer
1563 2865 1619 2891 hec
1640 2863 1775 2890 videant.

454 2918 576 2951 (above
608 2917 668 2948 ιμ’ῐ
698 2918 826 2944 without
854 2918 940 2944 mark
975 2915 1009 2942 os
1033 2914 1214 2948 reference.)
