2045 3312
268 252 357 281 CAP.
378 243 431 297 ir]
766 252 826 283 DE
852 250 1088 282 ECCLESIA.

118 379 150 412 L
175 376 252 422 159'1
268 364 369 419 quin
405 360 612 416 peridem
644 367 683 398 et
707 356 851 411 patrie,
887 364 925 395 et
958 355 1015 395 sic
1048 353 1154 394 alius
1188 367 1256 393 rex
1280 353 1347 392 alii
1371 353 1516 406 patrie,
1550 361 1590 391 et

268 434 325 474 sic
369 443 596 487 quousque
640 436 728 468 tota
772 425 927 479 Anglia
974 424 1096 464 fuerit
1140 423 1343 463 libertata.
1390 423 1430 462 Si
1476 422 1588 461 enim

268 503 407 545 totalis
441 498 658 552 exempcio
691 496 952 549 extingueret
983 503 1119 535 totam
1141 493 1298 547 regiam
1322 502 1589 547 potestatem,

270 570 529 628 particularis
574 567 791 620 exempcio
837 565 1098 619 extingueret
1143 572 1306 618 partem
1350 563 1452 614 eius,
1493 576 1591 602 cum

236 646 319 691 §de
342 652 460 684 tanto
493 653 580 680 non
612 639 782 678 haberet
814 650 883 676 rex
916 644 1171 690 potestatem
1201 634 1283 675 loci
1315 634 1380 673 vel
1413 646 1591 686 persone

269 713 491 755 incolentis
534 711 585 750 ad
626 707 918 762 castigandum
950 707 1100 760 ipsam,
1135 714 1518 760 quantumcunque
1550 703 1593 741 in

269 798 410 838 regem
452 781 518 822 vel
560 793 738 833 regnum
785 777 1020 831 deliquerit,
1068 785 1107 816 et
1152 776 1208 816 sic
1254 789 1341 814 non
1382 774 1488 814 foret
1524 788 1593 814 rex

271 854 406 895 tocius
443 851 607 905 Anglie,
652 863 751 890 cum
781 848 902 888 locus
939 855 1159 900 exemptus
1206 846 1312 886 foret
1360 846 1408 884 in
1448 858 1593 899 regno,

271 926 343 965 sed
390 937 477 964 non
523 922 579 961 de
622 933 765 974 regno.
823 919 921 958 Non
967 917 1082 957 enim
1124 917 1294 957 haberet
1332 929 1401 956 rex
1433 924 1593 955 tantam

217 1003 524 1050 10potestatem
570 993 621 1031 ad
669 990 986 1044 subiugandum
1029 988 1189 1028 incolas
1233 987 1325 1027 talis
1369 986 1449 1027 loci
1490 987 1596 1026 sicut

274 1066 398 1106 habet
430 1071 685 1118 potestatem
717 1062 769 1100 ad
802 1059 1069 1113 puniendum
1094 1067 1265 1112 gentem
1287 1057 1473 1109 Fraude,
1498 1071 1595 1097 cum

272 1145 438 1177 tantum
491 1133 732 1173 eximuntur
777 1145 799 1170 a
845 1129 1095 1170 cohercione
1139 1128 1250 1182 regia
1306 1128 1412 1168 sicut
1460 1127 1595 1167 incole

272 1206 469 1248 Almanie
500 1204 565 1244 vel
598 1202 777 1243 omnino
810 1201 942 1240 aliene
975 1200 1202 1254 provincie.

219 1290 259 1323 ‚M
332 1278 384 1317 Et
407 1284 617 1330 quantum
650 1274 700 1313 ad
733 1271 929 1312 iniuriam
964 1270 1127 1324 populi,
1151 1278 1266 1323 patet
1299 1270 1415 1323 quod
1447 1268 1592 1308 vendi-

220 1357 389 1393 15catur
433 1346 611 1393 libertas,
658 1352 704 1383 ut
736 1350 1117 1396 quantumcunque
1150 1340 1320 1380 sceleste
1353 1340 1446 1394 quis
1484 1339 1593 1378 iniu-

273 1419 400 1458 riatus
434 1415 556 1456 fuerit
588 1413 798 1468 proximO,
845 1411 1092 1461 homicidiO,
1127 1410 1252 1461 furto,
1286 1410 1462 1458 mechia,
1502 1422 1595 1462 pre-

273 1488 498 1528 varicando
543 1486 585 1524 in
630 1497 804 1524 omnem
838 1483 1021 1536 speciem
1054 1482 1355 1521 mandatorum
1394 1480 1597 1533 decalogi,

275 1558 405 1612 fngiat
436 1558 488 1597 ad
521 1556 642 1596 illum
663 1555 808 1594 locum
842 1562 881 1593 et
913 1552 1172 1607 precluditur
1203 1551 1401 1592 iniuriato
1435 1550 1597 1590 iusticie

274 1628 654 1682 complementum,
688 1639 785 1665 cum
818 1638 892 1664 nec
927 1633 1091 1663 tenetur
1125 1637 1197 1676 per
1226 1636 1267 1662 se
1300 1622 1364 1661 vel
1397 1633 1596 1674 procura·

218 1709 411 1744 20torem
453 1698 509 1737 ibi
555 1697 621 1736 vel
664 1695 758 1736 alibi
806 1705 913 1736 stare
945 1694 1037 1745 iuri,
1084 1702 1123 1733 et
1162 1702 1303 1733 tamen
1344 1706 1412 1732 rex
1445 1691 1599 1744 Anglie

274 1771 317 1809 in
351 1768 629 1809 coronacione
653 1781 726 1806 sua
756 1766 914 1806 iuratus
945 1774 1005 1804 est
1028 1763 1226 1817 religione
1260 1762 1460 1803 laudabili
1483 1762 1599 1815 quod

277 1854 364 1880 non
398 1838 565 1892 negabit
598 1837 669 1877 sed
703 1836 904 1876 concedet
936 1834 1145 1875 iusticiam
1178 1833 1429 1886 cuicunque.

335 1910 373 1950 O
409 1909 442 1949 si
481 1917 621 1948 totum
654 1920 832 1960 regnum
872 1913 979 1945 esset
1017 1904 1074 1943 sic
1108 1903 1420 1957 privilegiatum
1457 1903 1600 1956 quoad

277 1993 405 2020 omne
458 1978 614 2018 factum
673 1976 895 2016 scelestum
948 1983 988 2014 et
1040 1973 1227 2027 undique
1290 1973 1602 2025 proclamatum

221 2051 440 2095 25licitum
485 2047 769 2097 mendacium,
818 2045 987 2099 qualem
1021 2044 1171 2083 nidum
1205 2043 1376 2082 haberet
1408 2042 1600 2082 diabolus

280 2121 319 2160 in
355 2119 508 2172 Anglia
540 2118 592 2157 ad
624 2116 935 2170 protegendum
967 2115 1009 2153 in
1043 2113 1204 2153 delictis
1237 2112 1350 2153 verbi
1390 2121 1430 2152 et
1463 2112 1602 2165 operis

281 2190 493 2244 populum
536 2184 827 2228 tenebrarum?
877 2187 1036 2226 Revera
1069 2184 1111 2223 in
1156 2185 1318 2224 baratro
1359 2197 1445 2222 non
1479 2183 1603 2223 habet

281 2261 361 2301 tale
393 2259 675 2313 privilegium.

1792 248 1873 283 219

1627 1284 1688 1324 and
1713 1292 1805 1323 cause
1826 1284 1868 1311 in·

1668 1326 1774 1355 justice
1795 1325 1826 1346 to

1654 1355 1853 1383 individuals.

339 2330 463 2371 Unde
496 2328 658 2383 quesivi
691 2328 741 2367 ab
775 2326 1020 2367 adversariis
1054 2325 1161 2365 duos
1195 2335 1333 2366 casus:
1380 2324 1536 2376 Primo,
1570 2325 1603 2363 si
1644 2336 1777 2363 nime-uit
1799 2343 1870 2362 case

226 2402 474 2455 30predans,
524 2399 664 2439 furans
703 2398 768 2438 vel
807 2406 1008 2436 mutuans
1047 2395 1359 2449 quantumlibet
1397 2408 1604 2447 magnum

283 2472 528 2512 thesaurum
574 2470 624 2509 ab
657 2468 736 2509 alia
769 2467 940 2507 ecclesia
972 2476 1011 2507 et
1043 2466 1141 2506 illuc
1177 2465 1340 2518 fugiens
1374 2478 1473 2504 cum
1512 2465 1601 2504 the-

284 2555 408 2581 sauro
460 2540 629 2579 habebit
681 2540 733 2579 ad
790 2551 961 2577 sensum
1012 2536 1255 2590 expositum
1305 2535 1604 2575 omnimodam

283 2612 529 2651 libertatem.
594 2611 646 2650 Et
678 2609 838 2648 dictum
878 2617 939 2648 est
971 2607 1075 2646 mihi
1108 2607 1225 2660 quod
1258 2606 1337 2657 sic,
1383 2614 1475 2645 tum
1508 2604 1606 2658 quia

284 2682 408 2721 verba
439 2679 643 2734 privilegii
668 2693 691 2718 a
713 2678 867 2732 quibus
900 2691 987 2716 non
1020 2677 1115 2717 licet
1146 2676 1338 2716 recedere
1360 2675 1607 2729 generaliter

338 2851 381 2880 23.
419 2854 446 2880 A
484 2853 513 2880 in
548 2859 662 2885 marg:
706 2850 816 2879 Casus.
960 2857 1008 2885 29.
1048 2850 1076 2876 A
1109 2848 1137 2875 in
1178 2855 1292 2883 marg:
1332 2847 1435 2873 Prima
1474 2845 1605 2881 questio.

285 2906 333 2934 29.
353 2899 399 2928 30.
421 2898 462 2926 13:
484 2899 509 2926 si
531 2897 708 2933 predicans.
850 2896 893 2924 32.
915 2893 958 2924 33.
980 2895 1018 2924 B:
1042 2895 1227 2922 omnimoda
1248 2893 1397 2922 libertate.

1619 2371 1665 2398 sor
1681 2371 1731 2398 the
1747 2375 1895 2404 support-

1666 2414 1721 2444 crs·
1741 2405 1775 2432 ot⁴
1798 2408 1849 2431 the

1678 2441 1839 2475 pr1vilcgc.
