2045 3312
181 259 232 298 82
893 255 1117 306 Joiiixuuts
1144 274 1339 307 WYCLIF.
1617 264 1725 318 [CAP.
1748 270 1800 300 iv.

471 378 594 417 verba
631 392 707 418 nec
746 379 957 419 sentencia
991 380 1218 433 Augustini
1263 380 1507 420 contradicit
1541 380 1788 433 supradictis
1810 391 1883 435 1390
1905 392 1942 425 Κ

471 448 520 486 de
553 448 670 488 totali
704 449 889 490 ecclesia.
925 450 977 489 Et
993 449 1048 488 ita
1071 449 1214 489 civitas
1237 450 1313 489 Dei
1337 458 1527 504 tempore
1556 451 1621 489 vel
1645 459 1791 490 natura

469 519 666 572 precessit
709 519 918 560 civitatem
966 519 1140 571 diaboli,
1196 533 1294 560 cum
1338 521 1473 574 angeli
1517 530 1672 561 stantes
1716 534 1792 574 pro

469 588 608 642 primo
643 590 812 630 instanti
846 590 996 630 mundi
1029 600 1145 631 erant
1170 590 1310 631 civitas
1335 591 1411 631 Dei
1444 592 1633 645 quodam
1662 592 1793 631 modo

468 659 725 713 imperfecte,
765 661 863 700 mali
903 670 1046 701 autem
1085 661 1223 715 angeli
1261 675 1348 701 non
1386 670 1503 701 erant
1541 662 1591 701 de
1631 661 1827 701 civitate5

468 730 623 770 diaboli
655 739 751 771 ante
783 740 1006 785 peccatum
1039 732 1156 785 quod
1187 741 1284 784 post
1324 731 1414 783 fuit,
1448 740 1487 771 et
1526 731 1639 784 prius
1679 741 1795 771 erant

468 809 780 854 extravagantes
813 801 980 855 presciti
1012 803 1064 842 ad
1088 802 1410 855 dampnandum
1432 815 1478 841 ac
1501 802 1792 841 excommuni—

469 872 652 911 candum
684 885 726 911 se
759 871 874 925 ipsos
907 872 1166 912 instituendo
1206 886 1296 912 sese
1329 871 1541 911 civitatem
1580 871 1793 924 superbie;

467 942 570 982 alios
603 952 746 983 autem
779 957 827 983 ex
859 943 1008 983 humili
1043 943 1309 983 subieccione
1329 941 1547 982 constituit
1580 942 1692 981 Deus
1715 942 1791 981 sibi

466 1011 508 1051 in
542 1013 752 1053 civitatem
785 1013 1014 1066 gloriosam
1047 1028 1177 1068 quam
1209 1027 1375 1067 semper
1406 1011 1622 1052 inhabitat.
1814 1022 1852 1044 10

197 1075 276 1103 ΑΜ
298 1083 362 1103 ΜΞ
382 1074 432 1102 ¹¹¹0
523 1084 591 1122 Ad
606 1085 840 1124 secundum
861 1084 1075 1125 obiectum
1091 1084 1335 1125 conceditur
1349 1084 1466 1137 quod
1482 1091 1672 1136 parentes
1687 1081 1794 1121 Abel
1810 1082 1835 1114 2

187 1112 252 1137 iirst
273 1116 303 1137 10
325 1111 393 1138 lead
415 1118 430 1137 a

176 1145 293 1184 perfect
320 1146 382 1178 Μ’
413 1154 448 1173 ⁵0
465 1153 579 1206 prius
612 1163 727 1194 erant
759 1154 1001 1208 imperfecte
1034 1155 1085 1194 de
1119 1154 1303 1206 ecclesia,
1337 1154 1409 1194 sed
1440 1153 1508 1192 ille
1533 1152 1610 1193 fuit
1631 1152 1794 1206 primus

194 1189 223 1208 in
246 1181 364 1209 dionitv
385 1181 422 1207 he

212 1201 420 1286 '‘asp‘’{ssge'fflsst
467 1223 694 1265 hominum
716 1225 789 1279 qui
813 1225 1079 1266 consumavit
1093 1225 1328 1265 viacionem
1345 1224 1572 1278 perfectam
1595 1223 1787 1275 incorpo-

466 1303 578 1334 ratus
624 1296 765 1349 quoad
806 1296 1116 1349 perfeccionem
1154 1295 1436 1346 beatitudinis,
1477 1304 1516 1334 et
1554 1294 1611 1333 sic
1645 1293 1794 1332 dicitur

468 1366 611 1418 quoad
644 1365 890 1419 dignitatem
915 1375 1055 1407 totum
1089 1380 1224 1418 genus
1258 1379 1386 1406 suum
1421 1365 1655 1418 precedere,
1680 1363 1790 1402 unde
1813 1363 1849 1395 15

467 1436 609 1489 quoad
625 1446 778 1476 etatem
794 1450 841 1477 ac
863 1437 1069 1477 unitatem
1092 1436 1262 1477 ecclesie
1285 1437 1458 1490 ponitur
1482 1436 1558 1475 ista
1581 1433 1792 1474 sentencia

467 1505 509 1545 in
525 1507 700 1547 decretis
715 1508 889 1548 XXXHa
913 1522 952 1562 q.
978 1507 1047 1559 IV,
1067 1508 1295 1558 Recurrat,
1313 1507 1389 1547 sub
1414 1505 1661 1546 auctoritate
1684 1502 1791 1542 beati

466 1577 695 1630 Augustini
719 1578 958 1618 notabiliter
974 1578 1016 1618 in
1039 1578 1119 1618 hiis
1134 1577 1288 1618 verbis:
1312 1576 1509 1616 Ecclesia
1533 1574 1795 1629 quepeperit

466 1644 585 1696 Abel,
618 1648 782 1700 Enoch,
816 1649 909 1688 Noe
929 1648 955 1676 ²³²
977 1655 1016 1688 et
1044 1648 1278 1698 Abraham,
1304 1648 1397 1699 ipsa
1414 1646 1585 1699 peperit
1604 1646 1790 1697 lidoysen
1813 1641 1891 1687 139'l

466 1724 504 1757 et
511 1719 752 1771 prophetas
765 1726 957 1772 tempore
964 1719 1233 1772 posteriores
1248 1723 1348 1757 ante
1365 1716 1527 1757 domini
1548 1714 1792 1764 adventum,
1811 1725 1852 1747 20

466 1795 506 1828 et
535 1801 616 1842 que
647 1790 764 1838 istos,
800 1791 894 1842 ipsa
927 1797 967 1830 et
998 1789 1217 1842 apostolos
1250 1794 1289 1828 et
1321 1788 1526 1827 martires
1561 1793 1732 1825 nostros
1754 1791 1792 1824 et

466 1871 611 1898 omnes
649 1859 777 1899 bonos
821 1859 1097 1900 christianos.
1151 1858 1308 1898 Omnes
1356 1858 1466 1898 enim
1506 1857 1677 1909 peperit
1721 1855 1794 1909 qui

465 1929 647 1969 diversis
690 1930 958 1982 temporibus
1002 1930 1092 1970 nati
1123 1935 1439 1983 apparuerunt,
1481 1927 1557 1967 sed
1593 1927 1793 1967 societate

464 2001 594 2040 unius
608 2000 766 2053 populi
792 2001 1079 2041 continentur.
1122 2001 1360 2053 Tamquam
1391 1997 1581 2038 eiusdem
1606 1997 1790 2036 civitatis

464 2071 575 2110 cives
619 2071 793 2111 labores
831 2071 1217 2125 peregrinacionis
1260 2069 1430 2121 experti
1462 2075 1574 2116 sunt,
1616 2066 1790 2120 quidam
1809 2066 1848 2098 25

465 2147 607 2180 autem
643 2153 758 2181 nunc
781 2143 1070 2194 experiuntur
1091 2147 1132 2181 et
1163 2154 1295 2194 usque
1326 2140 1371 2179 in
1390 2138 1530 2192 finem
1554 2138 1685 2177 ceteri
1718 2149 1791 2176 ex-

458 2211 699 2262 perientur.

522 2282 576 2322 Et
591 2282 966 2335 correspondenter
980 2280 1169 2335 loquitur
1183 2280 1234 2320 de
1250 2279 1423 2320 ecclesia
1437 2276 1791 2332 malignancium:
1805 2277 1837 2310 L

470 2352 578 2403 Que,
611 2352 762 2406 inquit,
779 2352 952 2405 peperit
973 2352 1126 2405 Caym,
1165 2351 1311 2399 Clzam,
1352 2350 1547 2390 Ysmalzel
1587 2355 1626 2388 et
1656 2348 1792 2399 Esau,

521 2475 556 2494 ιι.
577 2467 606 2494 Α
629 2466 658 2493 in
681 2474 796 2501 marga
810 2465 860 2494 Ad
882 2466 1067 2494 secundnm.
1107 2472 1145 2492 12.
1167 2465 1195 2492 A
1216 2464 1246 2492 in
1267 2472 1383 2500 marg:
1404 2462 1485 2491 Nota
1506 2462 1638 2500 qualiter
1658 2461 1789 2490 ecclesia

463 2513 597 2548 sumpsit
617 2513 778 2540 exordium
795 2513 832 2540 ab
847 2513 938 2548 Abel,
960 2520 1030 2540 cum
1051 2517 1154 2540 tamen
1177 2512 1278 2547 angeli
1299 2512 1403 2539 Adam
1432 2515 1461 2538 et
1482 2509 1545 2537 Eva
1572 2508 1789 2545 precesserint,

462 2560 515 2595 qui
543 2565 613 2587 sunt
641 2560 759 2595 priores
780 2565 882 2595 partes
903 2559 1034 2587 ecclesie
1055 2567 1148 2595 quam
1170 2559 1261 2587 Abel.
1280 2558 1397 2591 (Below
1417 2556 1482 2593 1390
1501 2557 1632 2584 without
1652 2556 1739 2583 mark
1760 2554 1795 2582 of

462 2606 645 2641 reference.)
666 2606 687 2633 Β
708 2607 738 2634 in
760 2615 856 2641 marg.
890 2614 973 2634 man.
996 2614 1075 2634 rec.:
1116 2606 1255 2633 Ecclesia
1275 2610 1321 2633 est
1341 2605 1431 2632 unica
1453 2603 1638 2631 eternaliter.
1700 2601 1741 2629 18.
1762 2603 1790 2629 A

462 2654 491 2681 in
510 2661 625 2688 marg.:
648 2653 786 2681 Ecclesia
807 2652 880 2689 quid
903 2658 959 2681 est.
1070 2660 1100 2689 19
1136 2653 1176 2687 A¹
1192 2652 1221 2679 in
1243 2659 1357 2687 marg.:
1378 2650 1459 2678 Nota
1473 2649 1666 2685 Augustinus
1681 2648 1711 2676 in
1732 2647 1791 2674 lioc

462 2700 598 2735 capitulo
614 2701 729 2727 nullam
745 2699 819 2727 facit
834 2699 1035 2727 mencionem
1058 2699 1095 2726 de
1117 2698 1387 2734 predestinacione
1408 2706 1466 2725 nec
1486 2697 1523 2724 de
1544 2695 1697 2732 prescius,
1714 2702 1789 2729 ergo

462 2746 619 2774 racionem
643 2755 704 2774 non
727 2747 819 2774 habet
840 2747 877 2774 acl
900 2746 1108 2782 propositum.
1148 2754 1194 2779 24.
1218 2746 1251 2773 ln
1273 2746 1405 2773 decret:
1427 2744 1464 2772 Et
1484 2743 1635 2771 eiusdem.
1693 2741 1739 2769 28.
1761 2742 1789 2768 A

461 2793 490 2821 in
513 2802 628 2828 marga
650 2794 732 2822 Nota
752 2793 900 2821 continue
921 2793 1000 2821 insi-a
1016 2793 1053 2821 de
1076 2793 1218 2829 ecclesia,
1240 2792 1277 2820 de
1298 2792 1441 2828 prescitis
1463 2790 1536 2818 etde
1558 2789 1790 2826 predestinaiis.

462 2841 584 2874 (Above
613 2839 679 2877 {39¹¹
699 2840 829 2868 without
849 2841 936 2868 mark
957 2839 993 2867 of
1010 2840 1192 2874 reference.)
1223 2839 1283 2867 lb.:
1304 2838 1443 2866 Ecclesia
1464 2836 1718 2872 malignancium.

527 2938 573 2968 ¹7·
603 2925 738 2958 Decreti
766 2936 834 2958 sec.
862 2937 951 2969 parS,
979 2935 1083 2958 causa
1110 2925 1247 2964 XXXII,
1274 2935 1307 2967 q.
1335 2925 1393 2965 IV,
1424 2934 1497 2966 cap.
1525 2921 1563 2955 ΙΙ.
