2045 3312
294 273 383 302 CAP.
409 262 491 315 xv]
801 274 860 306 DE
888 272 1124 305 EcctEstA.
1828 262 1901 312 341

155 395 174 428 1
204 393 280 437 176⁰
295 383 348 423 ad
380 395 519 435 regem
544 380 724 435 pertinet
747 391 1002 432 cognoscere
1025 377 1142 431 quod
1164 376 1481 416 elemosinarius
1518 391 1617 417 suus
1650 385 1882 449 lttlistolbjsscted

1695 430 1723 449 ia
1766 430 1794 448 le
1815 430 1870 457 esy

293 452 405 492 vivat
438 450 692 501 clericaliter,
726 457 819 488 tum
851 448 951 502 quia
994 448 1071 488 sub
1116 447 1186 488 illa
1223 447 1472 487 condicione
1521 457 1900 496 Slll1IdOc‘s1rotcor11e

293 522 520 562 elemosine
553 520 629 561 sibi
662 521 770 572 date,
802 528 892 559 tum
928 517 1061 558 eciam
1102 517 1200 571 quia
1236 518 1530 570 degenerando
1567 517 1617 556 ab
1667 492 1873 566 liviiiglsslctii}

292 593 369 633 ista
401 593 483 632 vita
516 591 622 632 foret
654 598 896 630 monstrum
917 588 1101 628 maxime
1123 587 1354 641 proditorie
1390 587 1543 627 faciens
1567 588 1619 626 ad
1703 570 1845 597 mance,-

260 675 276 708 5
294 662 629 703 destruccionem
650 660 779 714 regni,
804 668 843 700 et
871 673 945 713 per
976 671 1239 712 consequens
1271 657 1486 697 incurrens
1516 671 1615 697 con-

294 742 506 786 temptum
539 732 644 786 regis
676 730 985 784 gravissimum.
1049 729 1147 769 Ideo
1180 728 1294 768 idem
1326 727 1433 768 foret
1478 740 1617 767 cecare

293 817 435 857 regem
470 812 508 843 et
551 815 732 856 regnum
779 813 853 855 per
898 800 1029 840 istum
1074 799 1220 839 fucum
1252 798 1534 852 sophisticum
1579 807 1618 838 et

292 874 425 914 dicere
458 873 537 912 illis
582 872 699 926 quod
743 884 829 911 non
875 871 1053 925 pertinet
1103 870 1160 910 eis
1210 882 1464 923 cognoscere
1517 868 1618 922 quid

292 944 399 984 foret
431 943 553 983 saluti
586 942 725 983 anime
749 955 899 982 eorum
932 949 971 981 et
993 939 1294 994 gubernacioni
1326 939 1441 991 regni
1475 952 1616 979 neces-

237 1035 276 1056 10
292 1015 460 1056 sarium.
526 1013 580 1054 Et
624 1026 763 1053 revera
814 1012 1057 1066 quicunque
1106 1011 1188 1051 hoc
1236 1009 1488 1064 imposuerit
1530 1009 1618 1061 regi

292 1093 451 1136 nostro,
482 1083 668 1137 imponit
700 1082 776 1122 sibi
812 1081 1015 1136 implicite
1048 1082 1165 1135 quod
1188 1095 1275 1121 non
1299 1081 1350 1121 sit
1382 1079 1531 1120 habilis
1565 1080 1616 1118 ad

292 1155 570 1209 regnandum.
605 1155 695 1194 Rex
729 1167 828 1207 ergo
862 1161 1027 1193 tenetur
1077 1152 1179 1192 scire
1212 1165 1285 1205 per
1317 1165 1359 1191 se
1391 1150 1456 1190 vel
1489 1164 1615 1190 suum
1632 1157 1686 1185 but
1706 1158 1755 1185 the
1775 1158 1857 1194 Κίος
1882 1159 1907 1186 is

292 1225 557 1267 executivum
591 1223 817 1265 consilium
856 1223 958 1277 quid
988 1231 1174 1276 vergeret
1213 1222 1264 1261 ad
1308 1221 1372 1261 sui
1416 1235 1462 1260 ac
1500 1193 1906 1273 regnibogggiggtffiffm

291 1297 427 1337 maius
460 1296 710 1349 periculum,
755 1295 871 1349 quod
915 1293 1088 1333 indubie
1134 1291 1242 1332 foret
1275 1291 1451 1331 omissio
1485 1290 1612 1330 corri-
1642 1264 1898 1334 daiiirigiidfiifhe

238 1375 275 1407 15
290 1368 415 1422 gendi
440 1367 538 1422 quia
560 1365 796 1406 secundum
819 1365 991 1405 beatum
1011 1362 1263 1416 Gregorium
1288 1370 1327 1402 et
1348 1362 1460 1414 leges
1488 1368 1613 1414 quot-

292 1439 410 1478 libet:
449 1438 534 1486 Qui
567 1435 798 1477 emendare
824 1441 970 1488 potest
1003 1441 1042 1475 et
1074 1433 1262 1488 negligit
1293 1432 1452 1485 absque
1485 1431 1614 1470 dubio

284 1508 546 1562 participem
581 1506 727 1546 delicti
756 1519 800 1546 se
823 1507 961 1558 ipsum
986 1504 1213 1545 constituit.
1245 1502 1495 1543 Consideret
1517 1515 1615 1554 ergo

291 1580 342 1620 de
374 1578 470 1619 cleri
504 1576 676 1617 crimine
721 1590 792 1616 rex
835 1576 901 1616 vel
945 1589 1072 1615 suum
1117 1573 1343 1615 consilium
1381 1573 1617 1613 secuudum

291 1650 504 1691 racionem
532 1662 616 1702 qua
645 1656 706 1687 est
727 1646 859 1700 ipsius
883 1645 997 1700 regni
1032 1645 1151 1686 cuius
1183 1658 1253 1684 rex
1275 1644 1435 1697 accepit
1463 1643 1614 1697 guber-

233 1737 275 1759 20
290 1721 439 1761 nacula
472 1717 790 1769 destructivum,
824 1717 931 1757 sicut
963 1717 1087 1756 docet
1131 1716 1278 1755 beatus
1311 1713 1540 1768 Gregorius
1572 1713 1614 1751 in

291 1789 482 1843 Registro
514 1788 584 1828 lib.
622 1787 715 1839 XIO,
761 1801 849 1840 cap.
882 1786 1041 1827 XXIXO
1075 1786 1140 1841 (ut
1177 1784 1368 1839 superius
1405 1781 1614 1837 allegavi).

259 1867 276 1899 1
349 1859 638 1901 Confirmatur
668 1858 898 1911 tripliciter,
939 1857 1076 1910 primo
1117 1869 1190 1909 per
1220 1855 1302 1894 hoc
1347 1854 1462 1907 quod
1501 1853 1615 1892 iuxta

290 1932 506 1971 decretum
520 1928 628 1969 beati
645 1928 834 1982 Gregorii
852 1927 1040 1981 positum
1054 1926 1146 1978 XF,
1157 1940 1197 1979 q.
1208 1925 1296 1977 111³,
1307 1924 1591 1977 Privilegium
1603 1933 1616 1962 .·
1647 1933 1892 1963 Consu-nmtion:

289 2001 571 2054 Privilegium
595 2000 767 2039 omnino
800 1998 922 2038 debet
953 1998 1148 2037 amittere
1181 1997 1253 2049 qui
1283 1995 1366 2036 sibi
1389 1994 1612 2048 permissa
1630 1968 1905 2045 ’ἑαξὴῑῖἒῑεὲἷῗῖὲε

233 2071 485 2111 25abzctz‘tur
508 2075 733 2123 potestate.
781 2069 862 2108 Sed
907 2067 1045 2107 omnis
1092 2066 1263 2106 clericus
1308 2066 1485 2105 abutens
1531 2064 1611 2103 ele·
1646 2042 1886 2104 Offirtiiziiffiteffe

291 2140 465 2181 mosinis
509 2140 615 2193 regis
662 2139 736 2179 sibi
783 2138 986 2192 permissa
1029 2137 1215 2177 abutitur
1248 2144 1467 2189 potestate,
1515 2149 1612 2175 cum

290 2225 388 2265 ergo
422 2211 490 2250 illa
525 2209 691 2250 dotacio
724 2210 775 2249 sit
808 2208 1086 2262 privilegium,
1135 2206 1324 2260 sequitur
1363 2207 1476 2259 quod
1511 2205 1613 2244 illud

291 2282 469 2321 omnino
503 2281 624 2321 debet
656 2280 859 2320 amittere.
894 2279 973 2319 Sed
1008 2292 1079 2331 per
1113 2292 1240 2332 quern
1274 2277 1351 2316 nisi
1375 2289 1448 2329 per
1470 2289 1609 2328 regem

293 2347 650 2405 privilegiantem?
681 2350 794 2389 lllius
828 2349 941 2389 enim
973 2358 1033 2388 est
1056 2348 1323 2402 privilegium
1353 2346 1610 2399 interpretari

233 2426 275 2457 30
292 2430 331 2461 et
363 2420 583 2460 defendere
617 2420 734 2460 cuius
769 2428 829 2460 est
862 2420 1052 2460 condere.
1117 2417 1404 2458 Confirmatur
1448 2431 1495 2456 ex
1540 2415 1611 2454 illo

290 2490 609 2545 Matthei,X1110
634 2500 700 2530 12:
729 2490 858 2530 Omni
879 2490 1054 2530 habenti
1075 2489 1247 2528 dabitur
1269 2495 1309 2529 et
1332 2486 1611 2537 lzabundabit,

342 2616 367 2643 5.
390 2616 429 2642 B:
452 2615 694 2643 den-accionem.
838 2622 878 2641 10.
902 2614 941 2640 13:
975 2614 1032 2640 hoc
1054 2613 1197 2648 imponit.
1344 2616 1383 2639 18.
1407 2612 1427 2639 Β
1449 2614 1478 2639 in
1496 2619 1610 2645 marga

288 2661 370 2689 Nota
390 2662 551 2698 quomodo
567 2670 619 2689 rex
639 2661 811 2688 secundum
829 2659 1017 2694 Gregorium
1039 2659 1130 2686 habet
1144 2659 1294 2686 iuteresse
1311 2660 1347 2686 ad
1363 2659 1501 2686 desectus
1522 2658 1609 2685 cleri-

289 2716 396 2735 corum
417 2708 630 2743 corrigendos.
670 2709 697 2735 A
719 2708 748 2734 in
771 2715 885 2741 marg.:
914 2706 1094 2742 Gregorius.
1239 2714 1283 2733 22.
1310 2708 1339 2734 A
1361 2706 1390 2733 in
1414 2714 1526 2739 marg:
1550 2705 1611 2732 Rex

290 2759 406 2789 peccat,
427 2754 453 2781 si
474 2763 533 2781 non
556 2755 682 2790 corrigit
703 2753 847 2782 clericum
870 2753 1049 2780 elemosinis
1077 2753 1254 2780 abutentem
1276 2753 1393 2787 (Below
1416 2753 1463 2785 170
1481 2752 1609 2778 without

290 2801 377 2828 mark
398 2800 433 2828 of
450 2800 632 2835 reference).
775 2801 820 2827 28.
843 2801 871 2827 A
892 2800 922 2826 in
944 2807 1058 2834 marg:
1080 2798 1209 2835 Triplex
1229 2799 1441 2827 confirmacio

351 2917 404 2939 22.
430 2913 463 2939 et
490 2907 542 2939 25.
570 2908 644 2939 Hus
670 2908 691 2938 l.
719 2917 746 2939 c.
774 2906 832 2939 fol.
860 2906 1024 2938 CXX1112.
