2045 3312
259 261 353 290 CAP.
375 252 473 311 xvi]
765 267 825 299 DE
852 266 1089 300 ECCLESIA.
1804 254 1855 309 37
1871 270 1879 293 ¹

116 382 154 414 K
178 380 255 413 180⁰
270 372 479 425 exemplo.
512 373 622 413 Nam
654 372 855 413 dominus
878 373 1042 427 Symon
1067 373 1227 427 Hyslep
1250 373 1591 426 archiepiscopus
1606 379 1789 442 Aerffliuplle
1812 379 1863 442 isti

270 443 581 483 Cantuariensis
635 442 825 484 fundavit
877 457 1013 484 unum
1064 443 1294 497 collegium
1337 443 1379 482 in
1425 443 1668 483 Oxouiaand
1691 423 1886 483 1]ῐέεέιῖΙέεὲ

270 514 362 566 plus
409 514 478 567 pia
521 514 777 565 intencione,
811 523 857 554 ut
890 514 1129 554 evidencius
1169 514 1348 554 creditur
1380 527 1508 567 quam
1544 514 1594 553 de

271 584 526 625 fundacione
565 584 855 638 cuiuscunque
895 584 1088 624 abbathie
1126 584 1168 623 in
1201 583 1368 638 Anglia,
1402 593 1441 623 et
1483 583 1594 622 ordi-

236 655 383 695 §navit
426 656 543 708 quod
586 655 627 694 in
673 669 719 695 ea
765 655 842 695 sub
890 654 1028 694 forma
1070 654 1269 695 laudabili
1314 655 1509 695 studeant
1545 654 1596 693 ad

270 725 497 766 utilitatem
528 726 699 766 ecclesie
733 739 836 779 pure
869 725 1004 765 clerici
1039 726 1259 777 seculares,
1292 725 1408 779 quod
1441 733 1480 764 et
1514 724 1595 764 fac-

268 805 360 835 tum
393 805 465 837 est.
511 796 565 836 Et
598 809 696 835 cum
727 795 820 848 ipso
854 804 1024 835 mortuo
1073 795 1314 849 symoniace
1348 809 1446 835 cum
1479 808 1596 834 com—

269 865 420 905 mentis
488 865 693 905 mendacii
763 879 954 905 eversum
1028 876 1089 906 est
1150 875 1237 905 tam
1300 865 1358 918 pii
1426 865 1593 918 patroni

269 935 538 989 propositum
583 946 622 976 et
665 936 744 975 illis
790 937 970 989 expulsis
1015 936 1138 990 pauci
1181 936 1248 976 alii
1291 950 1378 975 non
1429 944 1597 990 egentes

217 1008 339 1047 iosed
385 1007 543 1046 diviciis
589 1006 807 1047 affluentes
851 1007 1131 1060 irregulariter
1177 1006 1404 1047 introducti
1451 1015 1596 1046 contra

269 1078 485 1118 decretum
532 1088 703 1130 captum
749 1091 795 1116 ex
841 1077 960 1117 dictis
1006 1077 1115 1118 beati
1158 1077 1373 1128 Jeronimi,
1408 1076 1592 1130 positum

269 1148 360 1186 XIIa
414 1162 452 1201 q.
498 1148 550 1187 II:
609 1147 760 1187 Gloria
812 1148 996 1201 episcopi
1047 1155 1110 1189 est
1154 1161 1402 1201 pauperum
1446 1147 1595 1200 opibus

262 1218 511 1270 providere,
558 1218 795 1272 ignominia
834 1218 1068 1258 sacerdotis
1107 1226 1166 1258 est
1191 1218 1385 1271 propriis
1422 1217 1596 1258 studere

269 1287 444 1328 diviciis.
470 1288 522 1328 Et
545 1302 645 1328 cum
667 1297 857 1341 pretextu
881 1288 993 1329 illius
1018 1288 1102 1328 fuci
1126 1288 1344 1342 sophistici
1368 1288 1593 1341 episcopus

217 1362 253 1395 15
271 1367 310 1397 et
342 1372 468 1398 suum
491 1358 723 1411 capitulum
757 1368 855 1399 sunt
887 1373 970 1398 una
1003 1373 1183 1412 persona
1215 1373 1236 1398 a
1270 1373 1352 1412 qua
1389 1358 1594 1397 nonlicet

270 1428 447 1468 alienare
500 1429 612 1468 bona
662 1428 774 1469 illius
827 1429 1010 1481 ecclesie,
1056 1429 1133 1469 ista
1178 1443 1361 1482 persona
1403 1428 1596 1468 vendicat

271 1499 384 1538 bona
420 1499 530 1539 illius
564 1499 729 1553 collegii
762 1499 1035 1553 proprietarie
1068 1499 1294 1552 possidere.
1329 1499 1450 1540 Unde
1491 1513 1593 1539 con-

270 1569 496 1609 sulendum
547 1570 710 1610 videtur
761 1570 939 1610 domino
996 1569 1299 1624 Wyntoniensi
1353 1578 1400 1610 ut
1455 1579 1597 1609 caveat

270 1639 377 1679 lianc
422 1641 642 1682 cautelam.
696 1641 834 1682 Credo
889 1650 1030 1681 autem
1083 1641 1201 1695 quod
1250 1640 1384 1680 dictus
1430 1640 1595 1694 Symon
1639 1652 1857 1691 dissolv-edm*

214 1723 255 1745 20
272 1711 458 1762 peccavit
490 1711 708 1751 fundando
733 1711 894 1752 dictum
927 1711 1170 1765 collegium,
1204 1712 1275 1751 sed
1307 1724 1395 1750 non
1428 1718 1595 1750 tantum
1646 1687 1849 1757 ‘isaffi'ssissssissss'ff‘

270 1790 480 1833 quantum
523 1782 781 1836 Antisymon
826 1781 898 1835 qui
944 1781 1086 1834 ipsum
1130 1781 1389 1833 dissolverat,
1433 1781 1505 1820 sed
1549 1789 1595 1820 ut

271 1850 395 1889 credo
441 1865 662 1904 nunquam
706 1850 784 1891 fuit
828 1851 999 1891 ecclesia
1043 1850 1314 1904 appropriata
1358 1850 1400 1889 in
1439 1850 1595 1903 Anglia

270 1920 335 1959 vel
379 1921 593 1973 possessio
638 1921 681 1960 in
726 1931 975 1974 perpetuam
1023 1920 1301 1960 elemosinam
1340 1919 1593 1960 mortificata

270 1989 372 2042 quin
405 1990 701 2043 appropriacio
736 1991 874 2044 sapuit
906 2000 1127 2044 peccatum
1158 1990 1416 2030 altrinsecus.

222 2063 254 2095 L
328 2060 510 2100 Ulterius
548 2075 624 2114 pro
658 2061 829 2101 materia
861 2061 1097 2115 argumenti
1129 2060 1378 2112 affectarem,
1411 2059 1443 2099 si
1477 2060 1741 2099 Deuslshouid
1763 2071 1799 2097 be
1813 2070 1883 2105 glad

269 2130 493 2171 decreverit
544 2131 661 2184 quod
714 2145 800 2170 non
857 2130 965 2171 foret
1015 2131 1058 2170 in
1109 2144 1240 2184 regno
1294 2139 1441 2170 nostro
1494 2130 1586 2169 talis
1603 2106 1881 2175 tiwrsiffiigiisaiiffio‘

270 2200 539 2241 ecclesiarum
571 2201 865 2254 appropriacio
899 2201 963 2240 vel
1006 2200 1249 2241 reddituum
1288 2199 1586 2253 temporalium
1601 2175 1884 2239 ccissgciffiiiisstffd

267 2269 559 2322 mortificacio,
592 2271 663 2310 sed
701 2272 817 2325 quod
856 2280 971 2311 totus
1003 2270 1135 2311 clerus
1166 2270 1348 2310 vivendo
1381 2283 1483 2323 pure
1516 2284 1584 2310 ex-

269 2340 540 2393 proprietarie
580 2341 630 2380 de
670 2341 856 2392 decimis,
896 2341 1191 2381 oblacionibus
1237 2349 1276 2381 et
1308 2340 1477 2394 privatis
1511 2341 1593 2379 ele-

212 2410 254 2443 30
270 2410 446 2448 mosinis
469 2410 520 2450 sit
543 2419 788 2463 contentus,
812 2411 1004 2465 quamvis
1028 2411 1142 2451 enim
1167 2411 1273 2451 illud
1300 2425 1390 2450 non
1419 2410 1594 2450 dixerim

270 2493 342 2532 per
374 2480 555 2520 modum
588 2481 887 2533 conclusionis,
921 2482 993 2521 sed
1024 2495 1097 2534 per
1127 2481 1241 2522 viam
1265 2481 1530 2522 condicionis
1554 2491 1595 2520 et

323 2659 364 2679 10.
385 2652 425 2680 B:
446 2652 608 2687 irregulari
630 2653 810 2681 introducti.
955 2652 998 2681 25.
1019 2655 1047 2681 A
1068 2654 1098 2681 in
1120 2661 1235 2688 marga
1265 2652 1447 2681 Conclusio.
1476 2652 1592 2680 Contra

270 2698 467 2727 dotacionem
488 2700 605 2732 <sse10w
627 2699 691 2728 1800
710 2700 840 2727 without
861 2701 949 2728 mark
970 2700 1005 2728 of
1022 2700 1204 2735 reference).

335 2852 361 2873 1.
389 2841 513 2885 Comp.
545 2842 706 2884 Lecliler,
743 2841 881 2875 Johann
904 2852 974 2874 von
993 2841 1118 2875 Wiclif
1139 2849 1223 2875 tom.
1252 2843 1275 2881 Ι,
1315 2853 1372 2885 pp.
1402 2851 1478 2884 294,
1513 2841 1593 2874 303.

276 2909 325 2931 12.
354 2900 488 2932 Decreti
515 2901 540 2932 Il
570 2911 661 2944 pars,
689 2911 791 2933 causa
817 2901 888 2941 ΧΠ,
915 2911 948 2942 q.
976 2901 1017 2942 ΙΙ7
1044 2911 1118 2943 cap.
1146 2901 1268 2932 LXXI.

1434 2969 1448 2988 2
1456 2956 1497 2997 4⁸³·
