2045 3312
264 272 352 302 CAP.
368 261 438 321 vi]
770 276 829 308 DE
855 275 1090 309 ECCLEsIA.
1794 265 1870 321 ¹37

112 394 142 427 Τ
172 382 464 439 1470sicionem
499 381 754 433 sensibilem,
806 390 852 421 ut
903 393 1014 421 unus
1059 381 1261 422 catholice
1309 392 1432 436 negat
1466 383 1581 437 quod
1610 393 1643 455 {n
1665 400 1759 430 many
1778 401 1866 457 caseis

262 453 351 506 ipse
384 461 444 492 est
477 451 683 504 Christus,
716 451 823 492 sicut
862 450 957 492 fecit
994 452 1195 506 Baptista,
1229 452 1329 506 quia
1371 466 1459 492 non
1505 452 1583 493 fuit
1597 433 1873 503 iiigysffleai'fif’rhff

262 522 537 577 personaliter
584 522 672 576 ipse
723 521 930 574 Christus,
973 530 1013 562 et
1063 522 1169 562 alius
1221 522 1414 563 concedit
1467 499 1874 577 quodaffigofciindgei'cieriie

263 593 402 634 omnis
435 593 507 647 qui
541 592 758 633 Christum
789 592 927 632 induit
960 601 1019 632 est
1060 591 1252 634 Christus
1287 591 1353 648 (ut
1385 602 1500 646 patet
1534 594 1583 634 de
1599 577 1690 642 ἓῗῑῗέξ
1707 577 1758 633 sisne
1776 570 1877 633 iishgccih

230 675 246 708 5
263 663 414 704 sanctis
436 660 665 719 predictis).
699 663 822 703 Unde
847 663 1105 716 captandum
1128 671 1190 703 est
1221 663 1482 704 auditorium
1519 664 1584 704 cui

262 733 319 773 sic
351 733 462 773 varie
494 743 554 774 est
585 733 867 788 loquendum,
909 746 983 772 nec
1021 733 1185 774 videtur
1218 748 1306 774 esse
1349 735 1583 775 conceden-

262 804 365 844 dum
397 804 515 858 quod
567 803 706 844 omnis
747 803 996 844 christianus
1038 803 1089 843 sit
1128 805 1256 857 Deus,
1301 804 1397 845 licet
1444 805 1584 844 omnis

260 888 325 914 res
377 874 429 914 sit
476 875 603 926 Deus,
657 883 696 914 et
748 874 886 914 omnis
932 874 1171 915 substancia
1215 875 1452 915 secundum
1496 889 1584 915 esse

260 945 522 998 intelligibile
555 954 615 986 est
637 946 750 986 Deus
773 943 838 1001 (ut
870 954 985 999 patet
1015 945 1058 985 in
1081 944 1254 986 materia
1283 946 1344 985 De
1368 945 1506 1000 Meis),
1540 955 1586 986 ut

210 1037 248 1059 ιο
263 1015 402 1055 omnis
435 1015 567 1055 homo
610 1024 672 1056 est
708 1015 822 1056 idem
862 1013 1046 1068 Christo,
1087 1015 1186 1070 quia
1226 1016 1373 1056 eadem
1413 1016 1585 1070 species,

263 1094 303 1126 et
335 1085 527 1126 Christus
560 1095 620 1126 est
653 1086 798 1138 deitas,
832 1095 871 1126 et
902 1095 1044 1126 tamen
1078 1100 1164 1125 non
1198 1096 1259 1126 est
1291 1086 1404 1126 idem
1428 1087 1583 1128 deitati.

324 1157 375 1195 Et
389 1155 467 1196 ista
481 1155 693 1196 sentencia
705 1156 891 1209 tangitur
906 1156 948 1195 in
964 1156 1150 1208 decretis,
1161 1157 1222 1196 De
1234 1156 1584 1210 Consecracione,

264 1227 301 1266 d.
326 1226 391 1266 Ila.
422 1226 533 1275 Quia
558 1239 736 1279 passus,
757 1226 826 1266 ubi
851 1226 1117 1280 Augustinus
1133 1226 1232 1267 dicit
1254 1228 1370 1281 quod
1390 1228 1586 1269 Christus

263 1297 305 1336 in
338 1297 570 1336 euecti-istiu
602 1297 916 1337 commendavit
948 1310 1108 1350 corpus
1139 1310 1264 1337 suum
1299 1298 1415 1351 quod
1446 1298 1583 1339 eciam

210 1366 368 1421 15fecit
398 1373 563 1406 nosmet
595 1368 722 1420 ipsos.
757 1368 844 1407 Nec
872 1367 991 1408 aliter
1022 1367 1146 1421 digne
1178 1367 1409 1422 accipimus
1442 1371 1586 1424 quoad

262 1437 581 1490 beatitudinem,
615 1437 693 1476 nisi
727 1437 859 1477 simus
892 1438 1165 1491 predestinati
1197 1439 1250 1479 ad
1288 1453 1443 1493 corpus
1482 1440 1586 1493 eius,

262 1516 307 1547 ut
338 1507 529 1547 vivamus
562 1507 604 1546 in
631 1516 823 1548 eternum
858 1506 922 1563 (ut
960 1508 1133 1562 exponit
1164 1510 1428 1563 Augustinus
1461 1525 1587 1565 super

259 1577 351 1619 Joh.
385 1577 427 1617 in
460 1575 646 1634 omelia).
682 1577 811 1618 Glosa
835 1592 933 1632 ergo
958 1579 1015 1619 sic
1037 1579 1274 1634 distinguit:
1299 1581 1411 1633 Non,
1435 1580 1585 1636 inquit,

247 1649 364 1703 fecit
397 1661 473 1688 nos
505 1660 664 1702 corpus
701 1661 826 1688 suum
866 1648 980 1702 quod
1024 1655 1170 1690 natum
1220 1657 1283 1690 est
1320 1650 1371 1691 de
1414 1652 1585 1706 virgine

204 1725 299 1759 ποετ
345 1719 531 1759 sumitur
580 1719 623 1759 in
669 1719 813 1768 altari,
861 1721 938 1760 sed
983 1734 1141 1774 corpus
1185 1734 1313 1761 suum
1358 1723 1586 1776 spirituale

262 1789 374 1843 quod
420 1797 482 1830 est
515 1791 707 1834 ecclesia.
742 1790 796 1830 Et
838 1790 908 1830 illa
959 1791 1060 1831 unio
1091 1801 1151 1831 est
1202 1806 1306 1846 pure
1350 1807 1415 1833 res
1458 1794 1585 1836 huius

262 1860 509 1900 sacramenti
544 1859 610 1915 (ut
648 1860 786 1901 dicam
829 1859 960 1916 alibi).
1005 1862 1182 1902 Videtur
1230 1872 1370 1903 tamen
1418 1864 1585 1918 planius

263 1930 491 1971 dicendum
529 1941 568 1971 et
621 1931 752 1970 modo
792 1931 998 1985 loquendi
1038 1941 1283 1973 sanctorum
1325 1934 1585 1975 conformius

263 2001 380 2055 quod
412 2001 525 2041 idem
563 2010 624 2041 est
656 2015 809 2055 corpus
842 2001 884 2040 in
923 2015 1104 2042 numero
1143 2004 1261 2057 quod
1300 2013 1360 2045 est
1399 2005 1585 2057 ecclesia,

207 2077 246 2110 25
264 2080 303 2111 et
338 2085 490 2126 corpus
523 2071 566 2111 in
606 2081 868 2112 sacramento
908 2086 955 2112 ac
995 2082 1142 2114 natum
1181 2074 1231 2114 de
1275 2074 1448 2128 virgine,
1489 2089 1586 2115 cum

263 2142 314 2182 sit
344 2141 431 2195 ipse
475 2141 681 2183 Christus.
726 2142 860 2183 Aliter
903 2152 1045 2183 tamen
1093 2152 1154 2185 est
1198 2143 1390 2185 Christus
1442 2145 1585 2199 ipsum

263 2226 417 2266 corpus
502 2212 601 2266 quia
685 2213 971 2267 personaliter,
1051 2223 1091 2255 et
1157 2214 1273 2254 aliter
1337 2215 1585 2256 christianus

263 2282 363 2336 quia
406 2283 774 2336 sacramentaliter,
808 2297 918 2324 unus
950 2284 1119 2338 proprie
1154 2294 1193 2326 et
1225 2285 1330 2326 alius
1363 2286 1583 2340 participa-

263 2353 368 2406 tive3
400 2363 439 2394 et
471 2353 527 2394 sic
571 2355 694 2394 credo
749 2368 828 2408 ego
876 2355 1153 2408 propheciam
1198 2355 1355 2397 Christi
1408 2355 1583 2411 intelligi

318 2514 356 2542 13.
376 2513 398 2541 B
420 2514 449 2542 in
471 2522 568 2549 marg.
590 2522 672 2542 man.
695 2522 774 2542 rec.:
806 2514 888 2542 Unio
919 2514 1036 2543 Christi
1067 2523 1139 2544 curn
1173 2516 1305 2544 ecclesia
1338 2522 1385 2545 est
1423 2526 1471 2545 res
1508 2526 1584 2553 pure

265 2560 461 2590 sacramenti.
602 2561 650 2589 26.
672 2561 694 2588 B
723 2560 753 2589 in
783 2569 899 2597 marg.=
939 2560 1064 2598 Corpus
1103 2567 1149 2591 est
1186 2562 1329 2591 Christus
1367 2565 1584 2600 personaliter.

264 2617 303 2636 21.
324 2609 345 2636 Β
367 2609 397 2637 in
419 2618 534 2645 marga
558 2608 755 2637 Christianus
777 2610 1042 2639 sacramentaliter
1065 2616 1091 2639 et
1115 2612 1342 2648 participative.

327 2740 376 2773 13.
404 2741 482 2773 Non
508 2748 599 2775 extat
625 2753 680 2786 ap.
708 2742 955 2784 Augustinum,
983 2749 1016 2774 et
1042 2750 1094 2775 est
1120 2743 1268 2775 fortasse
1301 2743 1343 2777 ab
1378 2745 1454 2787 ipso
1489 2745 1584 2777 Beda

265 2798 307 2829 ad
333 2799 345 2831 I
372 2799 451 2831 Cor.
483 2810 521 2831 10
549 2800 737 2833 collectum
770 2811 810 2832 ex
846 2807 942 2833 tract.
983 2801 1037 2842 26,
1084 2812 1135 2844 27,
1174 2804 1262 2844 Aug.
1289 2802 1323 2834 in
1349 2803 1459 2842 joan,
1502 2803 1583 2835 vide

263 2864 381 2889 notam
407 2855 502 2902 (455)
530 2858 744 2902 Friedbergii
771 2859 813 2892 ad
841 2859 940 2892 Decr.
972 2860 1026 2901 111,
1062 2871 1095 2903 p.
1122 2861 1174 2893 De
1201 2861 1347 2894 Consec.
1375 2871 1402 2893 c.
1424 2861 1579 2894 XXXVI.

266 2914 384 2958 (Corp.
409 2916 475 2949 iur.
503 2927 577 2950 can.
605 2918 629 2958 Ι,
660 2916 771 2960 1326.)
