2045 3312
282 278 372 307 CAP.
389 267 516 325 xxm]
805 279 865 310 DE
891 278 1126 311 ECCLESIA.
1813 271 1890 309 565

128 400 364 441 H205⁸que
412 387 552 426 adhuc
597 395 771 425 manent
816 385 855 423 in
907 383 1062 432 fructu,
1117 385 1190 424 sed
1244 385 1386 438 aliqua
1437 386 1601 437 merita,
1644 394 1879 457 regffdeliiaethe

283 457 484 511 requisita
519 456 571 495 ad
607 455 915 495 beatitudinem
950 453 1308 508 patriarcharum,
1344 469 1428 494 non
1463 456 1722 504 subia-Sajnts
1766 466 1894 504 accere·-

282 537 376 568 cent
409 526 611 580 potestati
643 525 770 565 huius
807 524 1003 576 Gregorii
1038 525 1094 564 sic
1136 524 1392 564 distribuere
1433 526 1602 564 racione
1650 500 1858 562 miinss‘r'ittsiiffl

284 597 435 650 premii
482 610 530 636 ex
575 595 633 635 eis
680 595 869 647 limitati;
917 608 1016 647 ergo
1063 608 1137 633 nec
1178 594 1270 633 alia.
1318 597 1601 648 Assumptum

246 682 262 714 5
281 677 411 721 patet,
435 676 527 707 tum
553 667 651 720 quia
677 665 779 705 nihil
805 674 867 706 est
890 665 1084 705 ociosum
1109 666 1149 704 in
1175 665 1336 704 meritis
1363 666 1602 719 beatorum,

282 748 373 777 tum
408 737 505 790 quia
541 737 652 776 beati
687 736 847 775 habent
880 735 1084 788 gaudium
1121 744 1162 775 et
1195 735 1253 774 sic
1287 736 1502 787 premium
1538 750 1602 775 ac-

281 807 486 847 cidentale
527 807 578 846 de
611 819 871 860 quocunque
913 807 1026 845 bono
1067 806 1183 859 quod
1224 806 1413 846 fecerint.
1460 807 1603 847 Minor

282 887 425 918 autern
470 878 527 916 sic
573 877 834 916 ostenditur:
884 876 927 915 ln
961 877 1069 916 facta
1104 876 1414 916 distribucione
1460 877 1600 917 meriti

281 947 424 987 stricte
471 947 664 1000 requisiti
711 947 762 985 ad
809 947 1118 986 beatitudinem
1166 947 1439 987 essencialem
1476 947 1600 986 dimi·
1632 954 1680 982 To
1708 955 1874 984 distribute

226 1042 265 1064 10
283 1026 484 1057 nueretur
531 1017 581 1056 de
628 1017 695 1056 illa
731 1017 995 1057 beatitudine
1037 1018 1434 1070 correspondenter,
1470 1031 1598 1071 quam
1643 991 1856 1053 wtgtilcinggnti)

281 1088 480 1127 iniuriam
517 1101 600 1127 non
636 1095 778 1140 potest
817 1101 927 1140 papa
962 1086 1114 1138 facere,
1149 1088 1259 1127 sicut
1292 1101 1367 1126 nec
1403 1087 1599 1128 Christus
1644 1061 1865 1124 dligiiiisrlitsihe

280 1167 420 1211 potest
442 1158 637 1197 concives
660 1170 759 1197 suos
784 1157 841 1196 sic
862 1157 1165 1210 depauperare.
1193 1157 1276 1196 Sed
1299 1158 1455 1197 dicitur
1482 1159 1596 1211 quod

280 1228 480 1268 meritum
506 1228 744 1278 beatorum,
771 1240 866 1266 cum
899 1227 952 1267 sit
985 1228 1218 1280 spirituale,
1244 1241 1328 1267 non
1353 1242 1597 1268 excommu-

280 1299 496 1338 nicacione
544 1298 614 1338 tali
667 1297 877 1337 minuitur
925 1298 996 1336 sed
1044 1299 1193 1350 pocius
1241 1298 1473 1351 perficitur.
1516 1299 1597 1339 Sed

227 1367 424 1424 ¹5(1·ogo)
471 1369 521 1407 ad
558 1368 660 1422 quid
696 1368 934 1408 limitantur
967 1378 1067 1407 tunc
1102 1369 1253 1408 merita
1293 1378 1597 1421 supererogata

279 1441 390 1480 ultra
424 1452 670 1479 mensuram
705 1438 952 1477 debitorum
986 1452 1166 1478 suorum
1203 1440 1266 1479 vel
1299 1440 1595 1492 superhabun-

280 1510 474 1549 danciam
491 1508 756 1561 meritorum,
777 1522 872 1548 cum
892 1509 1041 1549 merita
1058 1510 1202 1549 stricte
1219 1509 1270 1548 ad
1288 1510 1596 1549 beatitudinem

278 1580 479 1634 requisita
527 1592 633 1632 eque
682 1578 927 1618 sufficerent
977 1579 1027 1618 ad
1078 1579 1433 1619 distribucionem
1469 1579 1596 1620 huius

279 1650 531 1701 faciendam,
587 1658 659 1689 aut
711 1650 934 1702 quomodo
987 1658 1048 1689 est
1096 1650 1381 1689 necessarium
1438 1664 1596 1702 ponere

182 1733 262 1767 203¹
279 1719 621 1761 nuncfftantam
667 1719 833 1772 copiam
880 1719 1030 1759 talium
1079 1717 1361 1759 meritorum?
1416 1721 1596 1760 Videtur

276 1791 424 1830 multis
457 1789 655 1829 fidelibus
690 1789 806 1842 quod
843 1802 926 1828 non
953 1800 1015 1829 est
1040 1791 1170 1829 modo
1205 1804 1411 1829 numerus
1445 1791 1593 1830 talium
1637 1795 1742 1823 Merits
1764 1797 1866 1824 would

276 1861 545 1910 meritorum,
589 1860 653 1898 vel
694 1859 815 1898 aliter
853 1859 996 1898 omnia
1042 1860 1108 1899 illa
1150 1869 1189 1899 et
1230 1860 1356 1912 longe
1398 1861 1518 1913 plura
1561 1862 1593 1900 si
1634 1831 1868 1895 ncibgusiiiicritm

276 1931 427 1970 fierent
473 1944 556 1969 non
605 1928 852 1968 sufficerent
897 1929 949 1968 ad
993 1930 1179 1982 aliquem
1227 1931 1408 1982 gradum
1465 1901 1735 1970 beati-¹¹¹ggfflg
1755 1905 1886 1972 2¹5&ch

277 2000 437 2041 tudinis
482 1999 779 2053 promerentis,
827 1999 905 2037 nisi
956 2000 1070 2052 quod
1126 1999 1239 2038 Deus
1286 2013 1334 2039 ex
1385 2000 1593 2040 infinitate

219 2084 258 2116 25
277 2072 414 2124 gracie
448 2084 522 2110 sue
557 2078 749 2122 acceptat
783 2069 931 2109 merita
966 2070 1032 2109 illa
1068 2069 1120 2109 de
1154 2083 1358 2122 congruo.

189 2155 208 2187 1
234 2155 259 2187 3
334 2142 454 2193 Item,
496 2142 611 2180 iuxta
650 2139 772 2180 istam
814 2140 1073 2179 sentenciam
1120 2140 1315 2194 sequitur
1353 2142 1467 2194 quod
1517 2155 1591 2194 po·
1648 2149 1715 2176 The
1738 2158 1844 2183 power

1615 2185 1749 2213 claimed
1770 2188 1875 2214 makes

278 2222 406 2252 testas
458 2211 674 2250 iudiciaria
712 2210 1005 2263 cuiuscunque
1055 2225 1164 2264 pape
1213 2225 1255 2250 se
1305 2212 1495 2250 extendit
1540 2212 1884 2284 adthgfzcffpzofficsige

275 2296 424 2322 omnes
459 2282 620 2320 animas
655 2281 695 2319 in
721 2281 972 2334 purgatorio
999 2290 1038 2320 et
1058 2294 1206 2320 omnes
1233 2281 1379 2321 beatos
1404 2284 1442 2320 in
1481 2282 1590 2331 celo;
1613 2299 1688 2319 even
1710 2292 1741 2318 in
1762 2300 1873 2327 purga-

275 2366 539 2406 consequens
572 2352 849 2405 impossibile,
884 2361 924 2391 et
948 2352 1256 2404 consequencia
1281 2352 1338 2391 sic
1362 2353 1590 2406 probatur:
1668 2329 1815 2394 tgergvgge

217 2433 258 2466 30
274 2438 382 2477 papa
407 2423 537 2463 eciam
572 2423 780 2476 prescitus
813 2422 940 2461 habet
965 2430 1222 2475 potestatem
1257 2423 1308 2460 ad
1342 2423 1591 2475 impercien-

275 2495 376 2533 dum
423 2493 570 2533 merita
618 2494 829 2532 bonorum
877 2492 1117 2546 cuicunque
1163 2501 1203 2531 et
1243 2493 1589 2546 quandocunque

274 2563 470 2616 voluerit,
506 2572 553 2602 ut
586 2562 688 2602 dicit
720 2562 904 2615 posicio;
951 2562 1022 2601 sed
1062 2562 1189 2615 longe
1227 2563 1367 2601 minor
1399 2571 1589 2616 potestas

272 2632 432 2673 sufficit
473 2633 523 2672 ad
558 2632 826 2672 fundandum
868 2632 1132 2671 iudiciariam
1175 2640 1447 2684 potestatem,
1488 2646 1588 2686 ergo

271 2717 380 2756 papa
412 2704 540 2743 habet
564 2703 827 2742 iudiciariam
852 2712 1108 2756 potestatem
1135 2715 1262 2755 super
1286 2703 1430 2741 beatos
1455 2702 1586 2741 eciam

214 2783 397 2826 35super
445 2773 680 2814 Christum.
736 2773 883 2812 Potest
928 2772 1038 2812 enim
1094 2772 1229 2812 facere
1275 2772 1390 2825 quod
1438 2773 1585 2810 beatus

323 2927 347 2948 2.
370 2920 411 2947 13:
432 2921 579 2956 requisita
601 2936 630 2941 —
652 2922 794 2956 potestati
816 2921 911 2949 deest.
