2045 3312
142 288 220 338 340

202 410 351 438 Customs

172 447 305 480 proving
326 446 376 472 the

155 481 263 517 King's
284 481 394 520 rights,

152 974 337 1009 acquiesced
358 974 387 1001 in

152 1009 192 1045 by
214 1010 261 1036 the
285 1010 397 1045 clergy.

183 1536 294 1571 Agflin,
318 1545 362 1563 we

149 1577 246 1599 assert
265 1572 327 1598 tliat
347 1572 397 1598 ilie

151 1608 256 1641 lx'ing's
278 1608 352 1643 duty
372 1607 397 1633 is

156 1647 187 1669 to
212 1643 279 1668 take
301 1643 381 1669 from

130 1678 207 1705 false
230 1678 407 1712 clergymcn

144 1714 204 1740 and
226 1719 344 1739 restore
366 1718 396 1739 ιο

168 1750 217 1774 the
241 1748 376 1775 Cnurcn.

861 296 1085 330 JOHANNIS
1112 296 1310 329 WYCLIF.
1546 283 1652 342 [CAP.
1676 293 1744 322 xv.

429 414 659 455 regnorum
692 410 731 441 et
764 402 814 441 de
846 401 1045 441 dominiis
1079 401 1314 442 alienorum
1347 415 1493 455 regum
1526 401 1631 442 infra
1670 402 1748 441 alia
1770 412 1901 457 176¹³H

428 484 555 525 regna
595 471 816 511 contentis.
862 471 941 511 Sed
991 482 1038 512 ut
1081 472 1367 512 meminerunt
1397 472 1612 512 recencius
1650 472 1749 512 iuris

426 542 547 596 regis,
594 551 817 596 optentum
861 551 921 582 est
958 542 1178 596 privilegio
1220 542 1417 582 laudabili
1460 542 1572 596 regni
1618 543 1750 583 nostri

426 614 543 667 quod
576 613 618 652 in
652 613 859 653 mortibus
894 613 1131 653 multorum
1162 613 1430 653 sacerdotum
1466 612 1536 667 qui
1572 613 1622 653 de
1653 626 1750 667 rege

425 692 570 724 tenent
613 683 654 723 iu
704 683 830 723 feodo
875 683 1124 737 temporalia
1183 684 1332 723 cedant
1378 684 1476 736 regi.
1541 683 1663 724 Unde
1702 695 1782 727 ex5

425 754 512 794 iure
545 763 792 808 patronatus
826 753 986 794 confert
1024 753 1224 794 beneficia
1265 753 1434 794 interim
1467 753 1676 806 vacancia,
1710 763 1749 794 et

424 825 645 865 licenciato
681 825 866 878 capitulo
911 826 963 865 ad
1006 838 1162 864 novam
1208 824 1463 864 eleccionem
1508 833 1749 877 presentato

425 895 498 934 sibi
535 895 666 935 electo
700 895 908 948 approbat
940 895 1004 934 vel
1035 895 1233 948 reprobat
1265 894 1371 934 sicut
1415 895 1564 948 placet.
1626 894 1748 935 Unde

425 980 521 1005 cum
556 980 625 1006 rex
659 975 795 1019 preter
824 965 922 1005 istas
966 965 1141 1018 regalias
1187 964 1321 1005 aufert
1365 978 1461 1018 sepe
1500 964 1748 1017 temporalia

425 1051 447 1076 a
471 1036 663 1089 capitulis
688 1036 818 1076 eciam
848 1035 999 1087 invitis,
1021 1035 1085 1075 vel
1109 1044 1275 1088 oportet
1303 1035 1436 1075 dicere
1466 1036 1581 1089 quod
1604 1035 1747 1074 omnia
1767 1057 1806 1078 10

424 1107 502 1147 ista
534 1107 629 1147 licet
661 1106 735 1145 sibi
771 1105 904 1146 facere
936 1105 1001 1145 vel
1033 1105 1065 1145 si
1100 1119 1185 1145 non
1217 1114 1355 1158 potest
1387 1114 1485 1145 tunc
1509 1119 1607 1145 cum
1640 1104 1748 1145 sacto

427 1177 532 1217 soret
564 1177 784 1227 hereticus,
818 1185 857 1216 et
889 1190 963 1229 per
986 1189 1250 1229 consequens
1283 1175 1339 1215 illi
1373 1189 1420 1215 ex
1450 1175 1616 1215 vecordi
1650 1175 1748 1215 taci-

425 1248 622 1287 turnitate
656 1256 695 1286 et
728 1246 1023 1298 redempcione
1068 1245 1367 1298 temporalium
1399 1259 1481 1298 que
1523 1245 1751 1298 capitaliter

424 1329 624 1363 tenerent,
656 1319 705 1357 de
737 1327 853 1357 tanto
884 1317 1048 1356 heretici
1075 1317 1210 1356 forent
1241 1316 1394 1355 heresis
1417 1331 1490 1355 sue
1515 1315 1747 1369 participes,

425 1389 511 1429 Cur
556 1402 654 1441 ergo
701 1402 746 1427 ex
794 1387 1071 1427 fundamento
1120 1386 1321 1438 scripture
1373 1400 1483 1425 sacre
1532 1387 1594 1424 vel
1649 1386 1805 1430 iuris15

424 1459 612 1498 canonici
649 1459 728 1497 hoc
763 1472 846 1496 non
882 1454 1059 1496 docent?

484 1530 636 1569 Tercio
688 1528 971 1581 principaliter
1013 1527 1201 1580 arguitur
1252 1527 1302 1565 de
1360 1527 1448 1580 lege
1504 1527 1576 1566 Dei
1623 1535 1781 1580 atque1

425 1600 594 1639 ecclesie
633 1600 749 1652 quod
788 1613 854 1638 rex
895 1599 1017 1637 debet
1050 1598 1089 1635 in
1124 1611 1220 1636 casu
1255 1597 1493 1637 subtrahere
1527 1611 1620 1636 suas
1666 1597 1745 1635 ele-

424 1670 608 1709 mosinas
641 1685 660 1707 a
697 1669 995 1709 nominetenus
1029 1667 1185 1707 clericis
1209 1677 1247 1706 et
1270 1668 1484 1707 restituere
1507 1682 1574 1707 eas
1607 1676 1746 1707 sancte

424 1740 542 1779 matri
569 1740 750 1779 ecclesie.
782 1742 891 1779 Nam
924 1739 1003 1777 lioc
1038 1737 1143 1777 foret
1176 1738 1537 1790 complementum
1571 1737 1805 1788 iusticie,20

424 1811 673 1862 prodessens
697 1810 940 1849 altrinsecus
964 1808 1274 1861 omniquaque3
1297 1822 1392 1848 cum
1411 1822 1509 1861 ergo
1532 1809 1583 1846 ad
1607 1822 1744 1861 regem

424 1881 604 1919 maxime
640 1880 818 1932 pertinet
852 1879 983 1918 facere
1007 1878 1214 1918 iusticiam
1240 1879 1278 1916 in
1303 1879 1426 1918 rebus
1450 1878 1646 1917 subiectis
1669 1892 1747 1917 suo

427 1950 634 2001 dominio,
683 1950 874 2003 sequitur
922 1950 1036 2003 quod
1088 1950 1138 1987 ad
1198 1963 1337 2001 regem
1395 1948 1748 2001 pertinentissime

423 2030 580 2072 spectat
614 2021 979 2073 complementum
1014 2019 1105 2058 talis
1138 2019 1312 2072 justicie.
1348 2020 1611 2059 Antecedens
1636 2028 1748 2072 patet

422 2105 469 2129 ex
505 2091 593 2129 'hoc
639 2091 755 2143 quod
801 2091 940 2130 omnis
985 2089 1040 2128 sic
1086 2089 1350 2142 pertinaciter
1367 2089 1582 2129 ssabutens
1626 2088 1843 2144 bonis17i3C

422 2161 590 2200 ecclesie
624 2171 683 2200 est
717 2161 920 2200 hereticus
957 2160 1022 2215 (ut
1054 2168 1167 2212 patet
1200 2159 1240 2198 in
1274 2159 1356 2198 fine
1380 2157 1483 2198 XIIIi
1518 2156 1641 2213 cap).
1667 2158 1745 2198 Sed

423 2245 520 2269 cum
568 2231 707 2269 omnis
751 2231 957 2270 hereticus
1002 2230 1155 2269 iniuste
1209 2243 1421 2283 occupans
1478 2230 1587 2268 bona
1633 2229 1745 2282 regni

423 2302 550 2340 nostri
586 2311 646 2341 est
679 2301 938 2354 spoliandus,
973 2310 1012 2340 et
1045 2301 1155 2339 bona
1191 2300 1445 2340 restituenda
1469 2299 1574 2339 veris
1608 2299 1745 2338 domi—

423 2371 499 2423 nis,
532 2372 695 2411 videtur
728 2372 843 2424 quod
878 2373 988 2410 bona
1030 2371 1095 2410 illa
1132 2370 1285 2424 quibus
1318 2384 1385 2410 rex
1419 2379 1504 2410 tam
1538 2369 1745 2422 principa-

421 2441 512 2480 liter
545 2443 802 2493 dominatur,
832 2451 929 2481 sunt
963 2455 1035 2494 per
1068 2454 1208 2494 regem
1242 2440 1509 2480 confiscanda
1557 2449 1596 2480 et
1640 2440 1746 2480 veris
1763 2451 1805 2483 30

422 2512 605 2551 dominis
628 2512 897 2560 restituenda,
931 2511 1162 2565 specialiter
1185 2512 1224 2551 in
1249 2522 1333 2552 tam
1358 2511 1556 2565 pertinaci
1591 2510 1745 2549 desidia

422 2582 649 2635 spiritualis
683 2582 896 2635 prepositi.
943 2584 1027 2622 Nec
1065 2582 1171 2621 valet
1205 2582 1339 2622 dicere
1372 2582 1487 2635 quod
1521 2581 1571 2620 ad
1606 2594 1744 2633 regern

423 2667 506 2692 non
545 2653 719 2705 pertinet
743 2666 998 2704 cognoscere
1023 2666 1148 2704 super
1179 2653 1356 2692 heretica
1392 2651 1612 2705 pravitate3
1646 2650 1745 2703 quia

475 2857 500 2882 7.
530 2848 567 2874 13:
595 2848 717 2875 liccmo.
866 2856 904 2881 ¹1·
935 2847 969 2875 B:
1005 2848 1042 2875 de
1063 2853 1146 2874 tanto
1172 2848 1317 2875 heretico.
1463 2855 1503 2883 ¹0·
1531 2848 1609 2874 Ain
1632 2854 1744 2881 marga

422 2892 534 2921 Tereia
552 2894 646 2922 racio.
756 2902 796 2921 21.
818 2894 855 2922 1’1:
877 2894 1069 2929 omniquam.
1180 2895 1226 2921 ns».
1249 2895 1293 2922 A:
1310 2893 1404 2921 xxii
1422 2902 1503 2929 cap„
1518 2894 1648 2922 correxit
1664 2893 1743 2921 Xlll.

422 2941 480 2974 A,:
500 2940 594 2967 xxu.
742 2941 784 2968 32.
810 2941 832 2967 Λ
857 2940 884 2967 in
908 2949 1023 2975 marg.:
1046 2941 1161 2969 Ficcio.
