2045 3312
117 265 192 305 126
841 269 1065 305 JOHANNJS
1091 269 1289 304 wchF.
1541 254 1650 314 [CAP.
1666 264 1718 292 vr

110 391 246 456 Αΐῇἕίεῐι]
271 389 383 453 ῂὸῑῖῐιὲῖρ
460 379 513 418 Et
545 387 660 431 patet
691 378 808 431 quod
841 377 1034 417 Christus
1067 389 1233 429 semper
1273 384 1332 415 est
1372 382 1498 427 caput
1536 373 1720 415 ecclesie.
1741 393 1779 425 ¹4

145 436 159 455 e
252 436 264 453 s

111 464 201 502 deam
225 467 333 498 patron
355 449 525 490 ofUnde
577 462 654 503 ego
708 448 832 488 credo
885 448 1017 501 quod,
1073 446 1317 500 quicunque
1356 444 1578 497 episcopus
1628 457 1722 483 vere

158 498 332 561 nguiii'cciii)
402 518 583 572 presidet
614 518 656 557 in
688 517 925 571 particulari
960 516 1145 567 ecclesia,
1179 524 1366 556 remanet
1404 523 1501 568 post
1540 523 1723 554 mortem

402 603 523 629 suam
556 597 681 642 caput
721 587 787 628 vel
825 596 1028 641 patronus
1068 586 1256 626 eiusdem
1295 585 1476 626 ecclesie.
1518 584 1723 634 Quamvis

404 660 516 700 enim
549 659 753 699 moriatur
784 658 826 697 in
860 670 1050 711 corpore,
1083 664 1282 710 procurat
1315 664 1454 696 tamen
1495 655 1537 694 in
1578 655 1723 709 spiritu
1738 661 1757 696 ’5

404 743 482 783 pro
515 729 693 769 subditis
726 728 859 768 eciam
900 726 1132 767 fervencius
1171 740 1301 781 quam
1345 726 1386 765 in
1429 726 1508 777 via,
1548 734 1587 766 et
1631 734 1726 779 post

403 800 516 839 diem
548 799 689 839 iudicii
722 797 891 838 habebit
923 797 1139 852 quandam
1171 796 1527 850 preeminenciam
1559 805 1598 836 et
1630 797 1725 835 illu-

405 870 705 921 minacionem,
752 869 859 908 sicut
898 868 939 907 in
979 867 1136 920 angelis
1175 866 1300 920 longe
1339 867 1509 907 alterius
1549 866 1726 907 racionis

405 954 534 994 quam
566 939 830 994 prepositura
859 938 1088 979 viancium.
1122 937 1220 978 Ideo
1253 951 1465 991 rogamus,
1489 946 1536 978 ut
1559 946 1726 977 sanctos

405 1011 628 1064 episcopos
662 1023 827 1064 semper
862 1009 1094 1050 habeamus
1127 1017 1329 1062 patronos
1356 1007 1397 1046 in
1422 1007 1530 1047 celis.
1565 1007 1647 1048 Sed
1668 1007 1726 1047 illi
1748 1024 1786 1046 10

406 1094 493 1120 non
526 1081 840 1121 contendebant
872 1080 978 1120 circa
998 1079 1218 1133 primatus,
1248 1079 1529 1119 adulterantes
1551 1077 1727 1131 scriptu—

407 1165 497 1191 ram
540 1164 713 1202 sacram,
758 1160 804 1191 ut
850 1151 1036 1204 populus
1082 1149 1333 1204 astringatur
1377 1149 1419 1188 in
1462 1148 1528 1188 via
1566 1149 1729 1188 credere

408 1224 522 1277 quod
557 1223 637 1276 ipsi
670 1232 768 1264 sunt
802 1221 937 1275 capita
971 1229 1112 1261 sancte
1145 1220 1289 1260 matris
1321 1218 1506 1260 ecclesie.

153 1307 180 1334 A
203 1305 367 1340 difficulty:
465 1293 658 1333 Secunda
690 1292 913 1333 difficultas
945 1291 1081 1345 logica
1114 1300 1186 1342 est,
1220 1300 1365 1331 utrum
1387 1290 1510 1329 debet
1542 1288 1727 1341 concedi,

116 1342 268 1369 Wlietlier
289 1341 392 1368 before

115 1377 165 1439 {Eg
194 1375 391 1439 {Qarrdiafflg
409 1363 548 1417 posito
567 1364 685 1417 quod
708 1377 895 1403 essemus
917 1372 1014 1402 ante
1029 1361 1382 1413 incarnacionem,
1416 1360 1532 1414 quod
1550 1359 1727 1399 verbum
1742 1372 1767 1397 a

115 1445 392 1509 ἑὲἓυέῃᾘιθξιπςιέἑ
408 1442 468 1474 est
500 1433 633 1473 homo
668 1433 860 1473 Christus
898 1433 1029 1473 Jesus.
1070 1432 1124 1471 Et
1162 1431 1327 1471 videtur
1363 1431 1479 1485 quod
1519 1429 1589 1481 sic,
1628 1443 1728 1470 nam

118 1518 237 1556 hewas
263 1525 298 1542 ,κο
321 1517 392 1543 bom
409 1505 644 1544 secundum
688 1512 845 1544 rectam
889 1502 1206 1557 philosophiam
1245 1510 1284 1542 et
1322 1501 1507 1554 logicam
1547 1509 1733 1540 creatura

154 1551 354 1623 ¹3<e>i²¹<iii⁸ti{iiiffl⁸
410 1575 569 1614 nedum
606 1574 731 1614 habet
772 1573 1041 1613 existenciam
1078 1572 1120 1611 in
1165 1586 1243 1612 suo
1284 1571 1481 1626 singulari
1530 1571 1601 1610 sed
1646 1579 1734 1611 tam

412 1658 500 1684 esse
531 1644 678 1698 ydeale
710 1643 752 1683 in
784 1643 911 1683 verbo
945 1656 1075 1697 quam
1116 1656 1203 1682 esse
1242 1641 1478 1695 potenciale
1517 1641 1560 1680 in
1599 1641 1733 1681 causis

413 1714 620 1755 secundis.
656 1713 768 1754 Cum
791 1727 889 1768 ergo
912 1722 1007 1753 ante
1029 1712 1370 1753 incarnacionem
1402 1711 1480 1752 fuit
1502 1711 1571 1751 illa
1592 1720 1734 1751 sancta
1751 1724 1792 1747 20

412 1799 551 1825 massa
609 1784 833 1825 materialis
899 1783 942 1823 in
1007 1784 1208 1838 patribUS,
1268 1797 1398 1837 quam
1454 1781 1734 1836 postmodum

413 1855 641 1908 assumpsit
670 1855 720 1894 de
742 1854 915 1907 virgine,
940 1862 979 1894 et
1001 1853 1173 1907 spiritus
1205 1853 1352 1894 habuit
1374 1866 1464 1893 esse
1485 1852 1526 1891 in
1547 1851 1734 1892 humana

414 1926 564 1979 specie,
601 1925 765 1965 videtur
797 1925 913 1978 quod
946 1933 1061 1965 totus
1096 1923 1288 1965 Christus
1321 1923 1466 1964 habuit
1488 1922 1732 1963 humanitus

137 2008 377 2037 Confirmation:
414 2010 502 2036 esse
534 1995 784 2049 potenciale,
817 2003 857 2035 et
896 1994 953 2035 sic
993 2009 1092 2036 esse.
1140 1993 1428 2035 Confirmatur
1465 1994 1652 2034 secundo
1685 1997 1772 2032 exb

138 2045 388 2116 dlanysmtiiembsgffiy
415 2067 494 2106 hoc
527 2066 643 2120 quod
681 2065 874 2105 sacerdos
914 2064 1140 2105 conficiens
1182 2064 1223 2103 in
1262 2073 1407 2104 sancto
1452 2064 1592 2104 triduo
1639 2076 1733 2102 vere
1752 2066 1791 2099 25

124 2120 155 2142 to
167 2116 267 2142 which
283 2111 398 2141 hewils
948 2136 954 2142 ,
1005 2134 1010 2140 ,
1088 2134 1096 2142 ,
1244 2134 1252 2141 ,

125 2149 399 2188 afterwardsuffnit-
416 2135 638 2177 conficeret
670 2149 823 2188 corpus
857 2134 1027 2186 Christi,
1066 2143 1174 2175 Sicut
1214 2135 1361 2174 dlcunt
1399 2134 1593 2174 doctores
1633 2146 1733 2173 con-

168 2185 205 2212 ed
227 2193 290 2211 was
313 2185 370 2211 Μ’
416 2206 609 2257 corditer,
642 2206 682 2245 in
716 2214 883 2245 tantum
915 2205 1031 2259 quod
1062 2204 1144 2244 hoc
1177 2203 1283 2244 foret
1300 2213 1400 2244 tunc
1433 2217 1581 2244 verum
1613 2202 1735 2242 “hoc

418 2287 491 2318 est
523 2290 706 2330 corpus
739 2275 954 2317 Christi”
988 2273 1053 2330 (ut
1068 2275 1234 2315 recitavi
1257 2274 1299 2314 in
1323 2282 1499 2315 tractatu
1522 2273 1583 2313 De
1599 2273 1735 2312 Incar-

418 2345 633 2402 nacione);
673 2359 800 2400 quare
834 2359 934 2399 ergo
968 2359 1054 2385 non
1088 2344 1194 2385 foret
1225 2359 1374 2385 verum
1412 2353 1507 2385 ante
1545 2344 1734 2383 incarna-

419 2419 585 2458 cionem
631 2417 747 2471 quod
778 2417 955 2457 verbum
994 2425 1055 2456 est
1095 2414 1299 2468 Christus,
1339 2429 1437 2456 cum
1474 2423 1574 2455 tunc
1613 2413 1736 2453 habet
1751 2417 1794 2451 30

419 2503 571 2542 corpus
604 2487 719 2541 quod
753 2496 848 2540 post
880 2486 973 2527 unit
1005 2485 1096 2538 sibi,
1130 2485 1236 2526 sicut
1270 2495 1330 2525 est
1363 2486 1412 2525 de
1453 2497 1628 2538 corpore
1659 2496 1736 2523 suo

419 2573 496 2613 pro
531 2555 696 2599 triduo?

474 2739 494 2758 ι.
515 2732 544 2759 Α
565 2731 594 2758 in
615 2738 728 2765 marg:
750 2728 929 2757 Conclusio.
1056 2738 1086 2764 4.
1108 2730 1154 2756 A:
1178 2734 1221 2756 est
1243 2729 1286 2763 (in
1303 2727 1356 2756 red
1377 2727 1438 2762 ink)
1461 2735 1549 2755 suam
1570 2730 1615 2753 est
1635 2730 1738 2761 caput.

420 2786 449 2814 7.
470 2777 513 2805 B:
537 2777 693 2815 quandam
715 2776 900 2812 primiciam.
990 2783 1034 2809 14.
1055 2776 1083 2803 A
1098 2775 1127 2803 in
1140 2783 1254 2810 marga
1275 2774 1421 2803 Secunda
1439 2773 1608 2801 difficultas
1629 2772 1739 2800 Utrum

420 2826 549 2853 verbum
578 2824 739 2852 esthemo
760 2822 902 2850 Christus
921 2822 1011 2850 Jesus
1041 2827 1109 2850 ante
1131 2822 1393 2850 incarnacionem.
1416 2819 1437 2847 Β
1468 2819 1497 2848 in
1528 2827 1625 2854 marg.
1656 2826 1739 2846 man.

421 2880 500 2899 rcc.:
523 2872 603 2899 Ante
625 2869 875 2897 incarnacionem
903 2869 1033 2897 verbum
1054 2874 1099 2897 est
1120 2869 1215 2897 homo
1232 2868 1374 2896 Christus
1394 2867 1494 2895 Jesus.
1638 2873 1677 2893 21.
1700 2865 1738 2892 B:

422 2917 526 2945 missa.
670 2917 712 2945 32.
735 2916 756 2943 B
781 2916 811 2943 in
834 2924 928 2951 marg.
952 2924 1034 2943 man.
1056 2924 1134 2943 rec.:
1155 2916 1187 2943 ln
1208 2915 1322 2943 triduo.

1782 381 1871 415 6⁸1<
