2045 3312
143 305 228 344 440
876 302 1101 335 JOHANNIS
1127 304 1324 337 wchr.
1527 292 1633 351 [CAP.
1648 302 1759 331 xv111.

433 417 533 448 tunc
571 408 785 448 maculam
818 408 903 447 sive
943 421 1104 461 rugam,
1148 418 1187 449 et
1220 409 1288 450 illa
1321 419 1381 450 est
1420 424 1572 463 corpus
1606 410 1760 451 Christi
1782 420 1911 466 189¹³V

434 479 549 532 quod
574 478 686 518 fovet
709 488 748 518 et
777 479 928 532 diligit3
963 488 1002 518 et
1033 479 1152 519 nullo
1175 481 1306 520 modo
1341 479 1576 521 verificatur
1607 480 1684 521 ista
1712 482 1761 520 de

435 562 614 588 numero
637 548 928 601 prescitorum,
963 558 1344 604 quantumcunque
1369 564 1522 604 magna
1546 550 1762 591 sanctitate

435 620 486 659 ad
519 629 687 672 tempus
721 628 920 672 appareat
953 620 1186 672 prepollere
1210 620 1859 675 ²¹:1890

189 697 381 736 Insufficiept
499 689 584 728 Nec
635 688 719 727 vidi
765 688 1025 728 evidenciam
1075 690 1187 729 unde
1228 691 1464 730 crederetur
1508 693 1624 745 quod
1667 701 1815 735 anteX

145 735 420 816 arffitgnqerrzlg'sstggm
436 769 617 799 mortem
641 758 795 798 Christi
820 772 907 797 non
940 768 1025 798 erat
1049 760 1233 809 ecclesia,
1268 760 1344 800 nisi
1379 760 1483 800 forte
1516 775 1589 814 per
1615 762 1760 802 locum

224 806 255 830 ⁰¹
278 803 350 831 me.
437 830 487 869 ab
520 828 792 869 insufficienti
826 829 1115 882 similitudine,
1165 840 1285 883 capta
1331 845 1377 870 ex
1411 840 1525 871 textu
1564 832 1762 885 Apostoli

437 899 590 952 Ephes.
609 900 679 951 V0,
704 900 745 938 31
765 909 773 940 :
795 899 953 948 Erunt,
976 899 1127 953 inquit,
1149 900 1234 940 duo
1257 901 1298 940 in
1323 914 1456 941 carne
1479 915 1578 943 una.
1605 902 1760 942 Sacra-

437 977 622 1009 mentum
662 970 740 1009 hoc
771 983 979 1023 magnum
1013 977 1087 1021 est,
1122 984 1200 1024 ego
1239 978 1379 1011 autem
1404 971 1495 1011 dico
1528 973 1569 1011 in
1598 972 1762 1013 Christo

438 1047 479 1079 et
527 1041 568 1079 in
612 1040 804 1080 ecclesia.
859 1040 974 1080 Sicut
1030 1040 1144 1080 enim
1190 1054 1238 1080 ex
1285 1042 1411 1081 latere
1457 1042 1579 1095 primi
1623 1043 1821 1085 Adamm

438 1109 609 1150 resoluti
655 1110 697 1148 in
742 1124 942 1163 soporem
982 1109 1161 1150 formata
1206 1119 1266 1150 est
1300 1112 1386 1151 Eva
1425 1126 1529 1151 uxor
1573 1126 1647 1152 sua
1700 1111 1765 1161 (ut

438 1189 553 1234 patet
577 1180 680 1220 Gen.
706 1178 796 1235 ΠΟ),
831 1180 888 1219 sic
921 1194 967 1220 ex
997 1181 1122 1220 latere
1156 1181 1329 1221 secundi
1353 1183 1492 1221 Adam
1517 1183 1764 1223 dormientis
1809 1183 1813 1186 ’

438 1251 482 1290 in
507 1264 626 1290 cruce
650 1249 829 1290 formata
852 1251 1036 1303 ecclesia,
1062 1265 1168 1290 uxor
1201 1265 1275 1291 sua
1299 1257 1359 1300 (ut
1382 1261 1495 1305 patet
1516 1252 1606 1293 Joh.
1631 1252 1763 1305 XXO).

440 1322 521 1362 Sed
565 1330 660 1360 ante
704 1321 890 1374 priorem
933 1321 1241 1361 formacionem
1288 1335 1375 1361 non
1405 1322 1483 1362 fuit
1519 1323 1619 1375 Eva,
1666 1338 1765 1376 ergo

440 1402 535 1431 ante
568 1392 799 1431 secundam
844 1391 1153 1431 formacionem
1198 1405 1285 1432 non
1330 1391 1409 1432 fuit
1449 1393 1631 1433 ecclesia.
1686 1395 1822 1436 Ista15

444 1461 638 1502 informis
677 1462 845 1515 argucia
878 1462 1093 1502 induceret
1127 1476 1175 1501 ex
1207 1462 1459 1503 omnimoda
1491 1463 1765 1505 similitudine

441 1534 483 1572 in
507 1546 665 1573 errores
688 1532 823 1572 tocius
848 1530 941 1571 fidei
968 1532 1203 1583 christiane,
1238 1543 1283 1572 ut
1307 1542 1410 1585 puta
1432 1535 1549 1587 quod
1573 1533 1764 1575 Christus

442 1617 529 1643 non
563 1602 642 1642 fuit
675 1611 882 1653 mortuus,
917 1603 1033 1655 quod
1057 1602 1229 1641 ecclesia
1251 1602 1398 1642 habuit
1432 1617 1519 1642 esse
1551 1604 1765 1645 materiale

442 1688 490 1713 ex
522 1673 724 1726 sanguine
758 1681 797 1712 et
829 1687 938 1726 aqua
968 1671 1129 1712 effluxis
1153 1672 1203 1712 de
1232 1672 1357 1712 latere
1381 1673 1551 1725 Christi,
1587 1683 1625 1714 et
1648 1677 1764 1728 quod

443 1743 634 1784 Christus
667 1757 755 1782 non
796 1742 994 1782 formavit
1027 1742 1245 1782 ecclesiam
1293 1744 1342 1782 de
1387 1756 1465 1783 suo
1508 1744 1648 1796 latere,
1693 1746 1765 1785 sed
1783 1765 1824 1787 20

441 1814 534 1867 ipso
569 1822 768 1867 soporato
804 1822 843 1853 et
875 1812 1097 1865 ignorante
1130 1813 1271 1852 solum
1304 1813 1467 1866 passive
1500 1815 1680 1854 contulit
1714 1816 1765 1855 ad

443 1883 750 1924 formacionem
782 1883 966 1923 ecclesie.
1004 1882 1055 1922 Et
1079 1882 1135 1922 sic
1159 1896 1246 1922 non
1271 1883 1374 1923 soret
1390 1884 1502 1924 Deus
1525 1885 1767 1938 redemptor

443 1956 509 1995 vel
533 1968 715 2008 sponsus
739 1953 923 1995 ecclesie.

504 2026 601 2065 Ideo
627 2034 794 2078 oportet
817 2024 1048 2078 intelligere
1070 2023 1152 2063 hoc
1176 2034 1488 2065 sacramentum
1520 2026 1571 2064 ad
1603 2025 1815 2068 literamY

444 2096 558 2135 iuxta
592 2109 766 2135 sensum
798 2094 1051 2134 historicum
1083 2107 1327 2147 expressum
1360 2095 1409 2135 de
1439 2095 1583 2148 primis
1617 2109 1764 2148 paren·
1785 2104 1824 2137 25

443 2166 568 2217 tibus,
620 2175 659 2205 et
691 2179 816 2218 supra
848 2165 961 2204 hunc
995 2177 1167 2204 sensum
1199 2173 1368 2217 oportet
1412 2165 1640 2219 intelligere
1684 2165 1766 2206 hoc

445 2236 799 2277 sacramentaliter
820 2236 884 2274 vel
907 2234 1069 2275 mistice
1094 2235 1143 2274 de
1169 2233 1336 2274 Christo
1364 2244 1403 2275 et
1426 2235 1596 2275 ecclesia
1619 2249 1766 2276 secun-

446 2309 550 2348 dum
593 2306 846 2347 catholicam
890 2305 1215 2346 similitudinem
1262 2319 1285 2344 a
1319 2305 1488 2346 Christo
1535 2315 1573 2345 et
1616 2306 1767 2346 sanctis

446 2377 690 2418 doctoribus
744 2385 1040 2430 express-atam.
1105 2376 1298 2416 Christus
1358 2376 1470 2416 enim
1532 2377 1807 2419 secunduma

446 2447 645 2487 deitatem
677 2446 784 2486 sicut
818 2446 1026 2486 ordinavit
1059 2447 1239 2486 domum
1271 2459 1424 2499 sponse
1457 2459 1530 2485 sue
1555 2446 1766 2486 mundum
1784 2456 1826 2489 30

447 2517 704 2571 sensibilem,
765 2517 821 2556 sic
875 2517 990 2569 prius
1051 2516 1252 2569 dignitate
1305 2516 1513 2556 ordinavit
1565 2530 1767 2569 sponsam

447 2587 666 2628 ecclesiam
707 2587 781 2626 sibi
822 2588 1016 2638 domum,
1061 2587 1132 2626 sed
1172 2596 1401 2640 utrumque
1443 2585 1600 2626 factum
1633 2596 1693 2626 est
1724 2586 1766 2626 in

447 2657 656 2711 principio
689 2657 852 2697 mundi.
917 2658 969 2697 Et
1001 2656 1108 2696 sicut
1142 2657 1253 2696 Deus
1286 2655 1462 2696 immisit
1494 2669 1693 2709 soporem
1724 2656 1766 2696 in

503 2806 527 2834 5.
559 2807 587 2833 A
609 2805 638 2832 in
660 2812 776 2839 marga
806 2805 972 2841 Apparens
1000 2810 1221 2840 argumentum
1253 2811 1309 2840 pro
1341 2803 1520 2839 incepcione
1550 2804 1677 2832 ecclesie
1698 2809 1769 2839 post

451 2857 584 2880 mortem
600 2851 726 2880 Christi.
836 2859 865 2887 9.
888 2852 908 2878 Β
925 2851 954 2879 in
971 2860 1086 2885 marg:
1104 2851 1252 2885 Magnum
1269 2856 1498 2878 sacramentum
1512 2850 1768 2885 desponsacionis

450 2899 528 2926 inter
541 2898 700 2926 Christum
713 2903 740 2925 et
754 2898 924 2925 ecclesiam.
999 2905 1036 2925 ιε.
1053 2898 1166 2926 Codd.:
1183 2897 1261 2924 Gen.
1276 2897 1347 2924 1110.
1422 2895 1463 2924 23.
1479 2899 1503 2925 A
1517 2897 1546 2924 in
1560 2905 1656 2932 marg.
1668 2906 1673 2922 :
1685 2897 1771 2932 Quo-

450 2946 545 2974 modo
568 2950 700 2973 tormata
714 2950 760 2972 est
775 2946 914 2973 ecclesia.
1006 2943 1048 2973 25.
1062 2945 1091 2972 A
1104 2945 1160 2979 Al:
1177 2951 1332 2979 expresse.
1417 2942 1459 2972 33.
1477 2943 1594 2973 coda:
1610 2944 1653 2972 sic
1674 2943 1766 2972 Deus.
