2045 3312
294 262 384 291 CAP.
405 251 503 310 XHL]
800 264 860 295 DE
887 263 1123 295 ECCLESIA.
1825 254 1903 307 295

141 383 276 429 0170b
292 380 387 411 tuor
431 371 461 411 si
508 371 590 410 sint
632 370 674 408 in
721 370 831 408 clero
877 369 1103 408 occasione
1136 369 1387 422 dotacionis,
1421 370 1615 410 imminet

291 442 437 482 exinde
483 440 732 494 periculum.
779 439 819 480 Si
865 448 1008 479 autem
1041 439 1208 479 occasio
1241 439 1293 480 sit
1325 440 1419 479 data
1453 441 1517 479 vel
1549 454 1616 480 ac-

292 521 411 566 cepta
454 525 528 565 per
571 510 764 550 accidens
808 523 856 549 ex
901 510 971 549 tali
1018 510 1243 551 dotacione
1275 520 1491 564 perpetua,
1544 511 1616 550 ubi

290 581 536 636 temporalis
561 580 861 621 elemosinacio
884 579 991 620 foret
1014 581 1211 632 securior,
1236 591 1351 634 patet
1379 581 1616 634 periculum

259 664 378 698 §tam
421 653 463 692 in
509 651 811 691 elemosinante
845 665 975 705 quam
1021 652 1298 692 elemosinato
1338 652 1404 693 isti
1443 652 1615 692 seculari

291 723 386 763 ritui
431 722 666 762 innitendo.
713 722 827 761 Deus
872 731 1017 762 autem
1049 722 1272 763 necessitat
1304 722 1451 763 divites
1490 722 1615 763 huius

292 793 432 846 seculi,
466 802 513 833 ut
546 792 748 833 continue
781 792 1021 833 ministrent
1054 793 1164 833 clero
1187 793 1230 832 in
1253 793 1337 833 vite
1360 793 1615 845 necessariis⁷

292 873 501 918 quantum
546 864 596 903 de
642 862 752 902 clero
787 872 849 902 est
882 863 1166 903 necessarium
1199 863 1371 904 ecclesie
1404 863 1613 904 militanti.

350 935 403 974 Et
446 942 561 988 patet
605 934 723 987 quod
766 946 854 973 non
900 942 959 974 est
992 934 1191 974 securitas
1225 934 1402 974 domino
1443 934 1615 973 seculari

238 1029 276 1051 10
292 1005 568 1046 elemosinam
600 1018 723 1044 suam
755 1004 891 1044 taliter
922 1004 1138 1058 impertiri,
1171 1019 1270 1045 cum
1301 1004 1451 1045 veritas
1483 1004 1615 1058 preci-

291 1077 352 1130 pit
384 1076 461 1116 sibi
490 1076 603 1116 Luce
626 1075 738 1128 XVI,
773 1090 812 1128 9,
848 1083 893 1116 ut
910 1076 1060 1130 faciat
1089 1076 1170 1116 sihi
1201 1076 1362 1116 amicos
1393 1075 1444 1116 de
1478 1089 1613 1115 mam-

292 1160 419 1187 mona
464 1147 720 1200 iniqnitatis,
776 1160 864 1185 non
908 1155 1049 1186 autem
1096 1146 1329 1199 spirituales
1375 1156 1414 1186 et
1451 1146 1614 1199 pericu-

290 1217 521 1258 losissimos
549 1217 757 1257 inimicos.
788 1217 869 1257 Sed
893 1217 1067 1257 Matthei
1100 1218 1150 1269 X,
1187 1218 1250 1269 36,
1281 1216 1379 1257 dicit
1402 1216 1615 1257 Christus:

294 1289 463 1328 Inimici
495 1288 601 1339 eius,
636 1287 858 1327 domestici
890 1288 994 1328 cius.

198 1376 276 1415 170⁰
348 1358 462 1399 Nulli
486 1356 511 1385 ss
534 1358 647 1398 enim
680 1358 775 1411 plus
808 1358 985 1398 subdole
1018 1357 1175 1398 faciunt
1215 1358 1366 1397 scisma
1398 1358 1440 1396 in
1474 1366 1615 1397 sancta

290 1438 421 1470 matre
445 1428 617 1469 ecclesia
640 1437 860 1482 tamquam
883 1428 1016 1482 magis
1040 1428 1266 1481 periculosi
1289 1427 1459 1468 heretici
1484 1442 1615 1482 quarn

291 1500 348 1539 illi
382 1499 453 1553 qui
487 1499 682 1539 videntur
715 1512 802 1538 esse
837 1499 1035 1552 capitales
1069 1498 1240 1539 ecclesie
1269 1498 1405 1539 induti
1428 1499 1614 1539 vestibus
1681 1501 1854 1529 T¹101110³1

1642 1536 1818 1571 dangerous
1841 1538 1893 1564 he-

289 1571 449 1611 ovium.
512 1571 634 1611 Unde
679 1570 872 1624 quamvis
907 1579 993 1609 tam
1026 1570 1076 1609 de
1109 1569 1223 1609 laicis
1257 1583 1386 1623 quan]
1419 1571 1469 1609 de
1503 1570 1613 1610 clero
1630 1572 1904 1635 Γῡδέῃξὲιξξᾞῆἓῡη

1773 1628 1790 1642 U

289 1642 371 1682 sint
402 1642 524 1681 multi
548 1641 733 1693 heretici,
767 1650 814 1681 ut
846 1649 961 1694 patet
993 1641 1043 1679 de
1077 1640 1209 1680 tribus
1233 1640 1425 1693 personis
1458 1641 1611 1694 presci-
1639 1642 1891 1705 tffreezsydeafsgeig1:

233 1736 274 1757 20
288 1713 339 1753 tis
391 1726 472 1766 que
520 1712 810 1765 relinquentur
863 1711 904 1749 in
963 1709 1077 1750 finali
1121 1710 1277 1750 iudicio
1329 1709 1398 1765 (de
1459 1711 1613 1764 quibus
1785 1698 1802 1712 ὃ

288 1782 463 1823 Matthei
496 1782 646 1834 XXIV,
687 1781 740 1837 Ι),
773 1781 1050 1834 periculosior
1083 1790 1122 1821 et
1156 1780 1428 1820 communior
1459 1782 1612 1821 heresis

289 1852 452 1906 pululat
489 1853 532 1891 in
571 1852 694 1904 clero,
744 1851 862 1892 cuius
908 1850 974 1906 (ut
1017 1851 1117 1890 alias
1162 1851 1356 1907 exposui)
1403 1861 1500 1891 sunt
1532 1860 1612 1891 tres

288 1924 454 1977 graduS.

241 2006 276 2038 P
349 1993 515 2033 Primus
555 2003 617 2033 est
655 1993 828 2046 quando
861 1992 903 2031 in
936 1992 1047 2032 clero
1082 1991 1175 2045 quis
1207 1992 1362 2045 aspirat
1395 1993 1446 2032 ad
1480 1992 1609 2046 digni·
1627 2013 1647 2032 1.
1670 2005 1777 2046 Clerks
1799 2006 1903 2044 aspiro

233 2074 418 2107 25tate1n
455 2063 776 2103 ecclesiasticam
821 2063 1064 2116 symoniace
1110 2062 1260 2115 pocius
1301 2072 1472 2116 propter
1506 2077 1606 2117 que-
1625 2042 1903 2104 togiiiiigl1¹iioil¹e

288 2144 401 2174 stum
435 2142 474 2173 et
506 2133 659 2173 fastum
695 2146 792 2172 cum
817 2132 872 2173 eis
896 2132 1169 2186 sequentibus
1193 2146 1323 2186 quam
1346 2133 1610 2174 meritorium
1644 2111 1774 2148 worldly
1794 2112 1888 2145 end&

288 2204 476 2244 officium
509 2203 776 2256 spiritualiter
808 2203 1026 2243 serviendi.
1064 2203 1124 2243 De
1156 2203 1234 2243 ista
1266 2203 1398 2243 heresi
1420 2204 1611 2258 loquitur

288 2275 501 2314 decretum
525 2275 572 2326 Ia,
596 2287 635 2327 q.
661 2274 689 2326 Ι,
722 2273 799 2313 sub
832 2273 1078 2313 auctoritate
1102 2273 1292 2327 Gregorii
1326 2274 1381 2313 sic
1415 2274 1607 2314 dicentis:

289 2344 451 2384 Fertur
473 2344 729 2397 symoniaca
757 2344 919 2384 heresis
945 2357 1025 2396 que
1042 2345 1191 2395 prima
1207 2351 1359 2383 contra
1385 2345 1608 2385 ecclesiam

232 2426 272 2458 30
289 2414 373 2454 Dei
410 2414 625 2454 diabolica
658 2414 1018 2467 supplantacione
1062 2415 1280 2466 surrepsit
1331 2421 1370 2454 et
1420 2415 1461 2454 in
1517 2416 1609 2467 ipso

287 2491 383 2524 ortu
437 2497 516 2523 sno
568 2486 659 2539 {elo
707 2485 942 2536 apostolice
997 2484 1180 2524 ulcionis
1220 2497 1436 2536 percussa
1483 2492 1610 2537 atque

289 2555 524 2606 dampnata
576 2561 652 2606 est,
705 2555 747 2594 in
802 2555 929 2608 regni
983 2554 1122 2594 nostri
1157 2553 1332 2606 finibus
1375 2554 1607 2595 dominari.

340 2712 367 2738 ς).
390 2704 418 2731 Α
439 2703 468 2731 in
490 2711 605 2738 marga
627 2702 805 2731 Conclusio.
929 2703 966 2731 13.
988 2702 1059 2730 Ain
1074 2710 1188 2738 marg:
1213 2702 1393 2730 Conclusio.
1518 2702 1552 2730 15.
1578 2704 1608 2731 A

286 2751 316 2777 in
338 2757 454 2785 marg.:
476 2749 655 2777 Conclusio.
777 2757 815 2776 21.
836 2749 865 2776 A
884 2749 940 2784 Al:
963 2748 1081 2776 XXIV:
1104 2749 1200 2776 deest.
1322 2756 1368 2783 24.
1390 2751 1418 2777 A
1439 2749 1468 2777 in
1490 2757 1606 2784 marg:

287 2797 321 2823 In
342 2796 435 2824 clero.
473 2798 502 2824 A
522 2797 543 2824 Β
567 2797 596 2824 in
618 2804 734 2831 marg.:
757 2796 838 2824 Nota
858 2801 918 2824 tres
939 2796 1052 2831 gradus
1074 2796 1202 2824 heresis.

348 2903 399 2935 28.
426 2904 525 2935 Decr.
555 2905 581 2936 11
608 2915 698 2948 pars,
724 2914 816 2936 caus.
844 2904 866 2946 1,
893 2915 925 2947 q.
954 2905 977 2945 1,
1003 2914 1077 2947 cap.
1107 2905 1256 2936 XXVIII.
