2045 3312
270 261 359 291 CAP.
376 253 443 312 lx]
776 266 834 297 na
864 265 1099 298 Eccillzsm.

119 373 597 425 K155⁰da1npnabilem‚
648 379 807 424 quanto
853 371 985 424 magis
1031 372 1321 411 necessitando
1366 386 1589 425 personam

269 443 363 484 cleri
398 443 460 484 cui
495 443 591 497 plus
623 450 828 495 repugnat
860 442 1128 481 conversacio
1161 439 1378 482 secularis?
1433 444 1590 482 Revera

270 514 299 553 si
325 514 415 553 talis
445 513 685 566 ignorancia
708 512 887 551 omnino
921 522 1102 563 excusat,
1137 527 1210 565 per
1233 513 1343 552 idem
1377 522 1590 553 excusaret

270 584 499 637 quemlibet
527 583 755 633 viciosum;
790 597 901 632 nam,
937 593 980 622 ut
1009 592 1122 636 patet
1155 583 1293 636 primo
1326 583 1587 628 Ethicorum,

237 654 376 697 §sicut
418 653 556 693 omnis
601 654 732 693 homo
777 653 937 706 appetit
984 654 1225 694 naturaliter
1269 668 1356 693 esse
1390 653 1500 706 felix⁷
1536 654 1591 693 sic

269 724 426 777 appetit
470 724 607 763 media
651 738 732 777 que
755 719 906 763 'credit
952 724 1101 763 ducere
1134 726 1185 763 ad
1219 724 1331 763 hunc
1366 723 1507 771 finem,
1548 735 1592 763 ut

268 794 551 846 voluptuosus
604 794 724 846 ponit
784 794 1021 833 felicitatem
1077 795 1116 834 in
1172 795 1334 835 cibariis
1392 795 1592 841 delicatis,

270 863 508 903 luxuriosus
566 864 607 902 in
667 864 827 904 actibus
882 865 1080 915 venereis,
1144 880 1291 906 avarus
1342 866 1382 904 in
1444 867 1591 905 mundi

270 933 444 983 diviciis,
493 935 697 987 superbus
742 936 781 974 in
817 936 1044 975 mundanis
1082 936 1330 985 honoribus,
1376 946 1416 977 et
1448 937 1503 976 sic
1544 938 1593 976 de

215 1027 254 1048 10
270 1004 359 1042 aliis
391 1004 432 1043 in
467 1005 621 1058 quibus
655 1005 852 1058 ignorans
884 1006 1066 1059 amplius
1100 1008 1341 1048 delectatur.
1387 1008 1465 1047 Sed
1500 1007 1593 1061 quis

270 1075 423 1114 diceret
466 1075 755 1128 ignoranciam
799 1078 926 1116 talem
972 1077 1214 1130 simpliciter
1259 1075 1475 1118 excusare?
1528 1079 1593 1117 Sic

270 1158 367 1197 ergo
415 1146 555 1198 posito
600 1148 716 1200 quod
761 1147 890 1186 Cesar
928 1162 974 1186 ex
1014 1147 1254 1200 ignorancia
1293 1148 1513 1188 crediderit
1552 1163 1593 1188 se

270 1225 452 1267 prestare
484 1216 575 1255 Deo
609 1217 863 1270 obsequium
892 1217 933 1256 in
961 1219 1101 1257 dando
1126 1218 1235 1258 clero
1261 1218 1413 1258 Christi
1445 1219 1590 1257 mundi

269 1286 460 1337 gloriam,
506 1287 612 1326 sicut
658 1297 719 1327 est
763 1288 1007 1327 accusabilis
1055 1303 1102 1328 ex
1148 1289 1357 1329 eleccione
1398 1289 1510 1329 fatua
1555 1300 1594 1329 et

217 1368 412 1398 15amore
463 1366 707 1410 prepostero
752 1357 986 1398 affectando
1034 1359 1130 1399 talia
1176 1360 1251 1399 sibi
1297 1360 1389 1413 ipsi,
1436 1360 1491 1399 sic
1533 1369 1592 1399 est

270 1426 364 1478 plus
386 1428 632 1467 accusabilis
655 1430 905 1468 retardando
929 1429 1158 1482 proditorie
1183 1440 1222 1471 et
1245 1445 1343 1470 cum
1372 1431 1592 1469 mundano

269 1497 407 1536 toxico
456 1497 680 1551 precipuos
733 1499 887 1539 milites
941 1500 1142 1540 exercitus
1183 1500 1407 1541 christiani.
1462 1502 1594 1541 Aliter

270 1566 383 1606 enim
431 1567 537 1607 foret
582 1569 813 1609 elemosina
846 1570 1108 1625 privilegiare
1141 1572 1298 1611 clerum
1332 1572 1465 1611 eciam
1499 1573 1590 1611 reli-

267 1637 452 1689 giosum,
509 1647 555 1678 ut
604 1639 657 1679 sit
707 1640 1097 1693 voluptuosissime‚
1146 1641 1510 1682 delectabilissime
1555 1653 1593 1682 et

212 1707 607 1760 2osplendidissime
655 1709 830 1761 cibatus,
876 1721 1076 1751 uxoratus
1123 1721 1161 1751 et
1199 1712 1241 1751 in
1287 1713 1404 1752 omni
1444 1714 1590 1753 mundi

268 1778 397 1829 gloria
430 1792 501 1831 pre
534 1779 734 1819 omnibus
779 1781 1036 1821 secularibus
1070 1782 1330 1834 predotatus.
1377 1783 1458 1823 Sed
1491 1784 1590 1837 quid

268 1847 484 1900 privilegio
517 1849 587 1888 tali
620 1848 834 1890 insanius?
867 1852 986 1892 Unde
1019 1852 1107 1891 sola
1137 1852 1303 1905 fabrica,
1337 1867 1435 1893 cum
1468 1867 1593 1906 super

268 1917 476 1958 fallaciam
509 1919 851 1972 equivocacionis
884 1921 1087 1975 privilegii
1124 1923 1279 1975 decipit
1302 1932 1442 1964 totum
1466 1938 1589 1963 mun—

266 1989 382 2039 dum,
422 1988 520 2042 quia
552 2003 649 2029 cum
682 1990 883 2031 dominus
916 1992 1160 2045 temporalis
1201 1993 1343 2046 potuit
1382 1994 1591 2033 meritorie

211 2069 248 2101 25
268 2059 494 2098 concedere
539 2060 614 2099 hec
659 2060 886 2115 privilegia,
934 2062 1041 2103 sicut
1074 2064 1208 2103 clerus
1241 2078 1288 2103 ea
1320 2064 1519 2117 accipere,
1554 2074 1593 2103 et

267 2129 405 2180 potuit
436 2130 649 2184 utrimque
672 2144 759 2171 esse
783 2131 1065 2185 dampnabilis
1090 2133 1221 2174 fastus
1254 2143 1294 2174 et
1326 2134 1587 2188 ignorancia:

266 2198 360 2238 ideo
406 2208 600 2239 neutram
643 2209 807 2254 partem
855 2216 1008 2254 assem,
1055 2217 1131 2243 nec
1164 2205 1279 2258 quod
1320 2205 1590 2245 succedentes

266 2269 496 2310 abutuntur
539 2271 771 2325 privilegio,
812 2274 884 2312 sed
916 2273 1134 2314 veritatem
1172 2275 1509 2315 condicionalem
1544 2286 1589 2317 ut

267 2338 394 2380 fidem
439 2341 708 2382 christianam
761 2342 1026 2383 defendendo
1071 2344 1312 2398 relinquens
1365 2347 1590 2400 prepositis

210 2418 252 2450 30
268 2409 483 2450 veritatem
516 2413 566 2451 de
598 2412 734 2452 inesse
767 2426 814 2452 ex
848 2413 1044 2466 operibus
1077 2414 1359 2455 iudicandam.

223 2488 255 2520 L
329 2481 492 2529 Quinto
545 2482 732 2535 arguitur
776 2497 849 2536 per
891 2483 972 2523 hoc
1020 2485 1135 2537 quod
1182 2485 1296 2525 iuxta
1341 2500 1437 2539 sepe
1482 2487 1590 2527 dicta

271 2560 492 2603 paupertas
541 2553 777 2605 evangelica
821 2562 859 2592 et
905 2554 1082 2593 omnino
1128 2555 1360 2607 spiritualia
1411 2556 1590 2608 insignia

271 2634 351 2673 que
384 2620 577 2661 Christus
611 2623 816 2662 concessit
851 2637 923 2662 sue
957 2624 1127 2664 ecclesie
1162 2634 1272 2665 stant
1307 2639 1404 2665 cum
1429 2640 1590 2666 cesarea

328 2746 368 2773 16.
389 2755 429 2782 ¹7.
450 2747 482 2774 In
504 2748 595 2774 codd.
618 2748 774 2775 mundana
802 2748 913 2775 toxica.
1059 2757 1101 2776 22.
1133 2751 1160 2776 A
1189 2750 1216 2777 in
1242 2759 1358 2785 marga
1380 2751 1588 2779 Protestacio:

270 2792 326 2819 hoc
346 2794 474 2821 verbum
497 2794 664 2823 extinctum
687 2800 741 2822 cst.
888 2795 925 2822 ἰὴ.
948 2796 975 2822 Α
997 2795 1025 2822 in
1048 2804 1165 2831 marg:
1197 2797 1314 2831 Quinta
1334 2798 1484 2825 obieccio.

325 2911 358 2941 4.
385 2900 468 2943 Cap.
496 2902 531 2941 Il,
561 2903 613 2933 HI.

1436 2963 1471 2994 13

1808 256 1881 301 103

1637 380 1807 414 lgnorance
1830 381 1853 407 is

1618 421 1671 442 not
1692 418 1805 452 always
1827 424 1863 442 an

1684 459 1806 478 excuse.

1634 2496 1657 2522 It
1685 2496 1709 2523 is
1736 2497 1850 2531 argued

1639 2531 1702 2558 that
1722 2534 1850 2558 endow-

1623 2571 1706 2592 ment
1734 2566 1758 2593 is
1787 2575 1862 2593 con-

1690 2602 1799 2627 sistent
