2045 3312
270 265 360 294 CAP.
381 256 484 311 xm]
769 266 828 300 DE
856 264 1093 298 ECCLESIA.

172 386 206 419 Β
231 386 256 419 2
330 374 449 425 Item,
483 373 515 412 si
549 372 742 413 Christus
775 379 814 411 et
846 370 908 410 sui
943 369 1126 423 apostoli
1164 367 1409 407 habuissent
1440 365 1504 405 ius
1537 366 1590 406 ad

179 442 248 488 Ι7ιι
250 444 445 484 civiliter
478 442 802 493 dominandum,
837 449 876 480 et
908 439 1081 480 faciliter
1113 452 1162 478 ex
1194 437 1417 478 oblacione
1441 435 1590 476 mundi

271 523 500 567 potentum
532 520 706 567 possent
737 510 861 551 fuisse
893 510 1019 563 positi
1042 510 1084 548 in
1115 508 1383 562 possessione
1407 506 1591 560 pacifica,

272 596 318 626 ut
351 593 464 639 patet
496 585 546 624 de
569 581 836 636 Evangelista
868 590 907 621 et
939 580 1028 620 aliis
1061 579 1233 620 sanctis:
1264 578 1454 632 sequitur
1476 578 1592 631 quod

240 669 321 701 §ex
354 655 512 695 desidia
545 653 720 694 fuissent
751 652 872 692 valde
906 650 1148 704 culpabiles,
1195 664 1293 691 cum
1326 658 1500 703 possent
1537 649 1592 688 ita

274 725 448 766 faciliter
480 723 712 779 quesivisse
745 723 808 762 ius
842 722 919 762 sibi
944 730 983 762 et
1005 735 1078 761 sue
1112 720 1284 761 ecclesie
1308 730 1347 760 et
1375 733 1591 760 excusasse

272 796 348 835 sibi
383 795 628 835 iniuriantes
662 807 683 833 a
717 807 792 833 sua
823 792 1071 833 intrusione.
1107 793 1201 831 Hoc
1234 800 1378 831 autem
1401 799 1461 830 est
1491 803 1591 829 con-

272 876 333 907 tra
366 865 631 919 evangelium
664 865 778 904 Luce
810 863 962 915 XXIIO,
995 863 1066 903 ubi
1101 862 1296 902 decidens
1323 860 1593 915 questionem

275 937 324 976 de
377 935 612 975 maioritate
665 935 771 974 inter
826 933 1044 987 apostolos
1090 932 1189 972 dicit
1232 931 1348 986 quod
1391 930 1592 984 opposito

217 1007 404 1050 mmodo
448 1020 489 1045 se
535 1005 660 1045 habet
705 1005 757 1044 ad
800 1004 929 1044 ritum
974 1003 1189 1057 gentilem,
1235 1016 1334 1042 cum
1377 1000 1593 1041 maioritas

273 1077 380 1117 inter
427 1090 498 1116 eos
545 1075 773 1116 attenditur
822 1088 950 1128 penes
1000 1073 1284 1113 melioritatem
1335 1071 1492 1112 servicii
1546 1086 1593 1111 ex

272 1147 509 1187 humilitate
554 1145 715 1186 maiori.
756 1145 818 1184 Ex
851 1158 937 1198 quo
972 1144 1005 1183 Ia
1037 1143 1147 1184 Petri
1180 1144 1252 1193 V0,
1288 1142 1325 1193 3,
1359 1141 1467 1195 capit
1506 1142 1594 1195 ipse

272 1233 348 1272 pro
397 1217 606 1271 principio
645 1217 763 1270 quod
801 1215 865 1256 sui
906 1214 1039 1255 clerici
1074 1227 1157 1254 non
1198 1215 1284 1254 sint
1321 1214 1594 1253 dominantes

272 1290 313 1329 in
348 1289 478 1328 clero.

232 1371 258 1403 3
332 1359 450 1411 Item,
482 1358 587 1397 illud
621 1366 680 1397 est
714 1369 902 1409 expresse
944 1363 1089 1395 contra
1122 1354 1210 1394 iura
1243 1353 1458 1403 canonica,
1497 1366 1594 1392 cum
1619 1368 1644 1387 2.

273 1430 350 1469 sub
396 1428 643 1469 auctoritate
682 1425 925 1480 Augustini,
978 1425 1253 1465 distinccione
1286 1425 1412 1474 VIIla,
1459 1436 1594 1463 canon

272 1499 330 1539 sic
362 1498 570 1553 loquitur:
606 1498 699 1547 Quo
733 1498 827 1538 iure
849 1496 1049 1551 defendis
1075 1497 1202 1537 villas
1225 1496 1416 1545 ecclesie,
1447 1494 1594 1535 divino

273 1571 339 1610 vel
389 1569 616 1609 humano?
676 1569 885 1609 Divinum
939 1567 1006 1606 ius
1058 1568 1100 1607 in
1154 1566 1312 1606 divinis
1363 1566 1596 1618 scripturis

274 1640 494 1688 habemus,
540 1640 778 1679 humanum
828 1638 894 1677 ius
941 1637 982 1676 in
1030 1637 1198 1690 legibus
1237 1649 1406 1690 regum.
1477 1634 1595 1675 Unde

216 1732 256 1754 20
274 1711 467 1763 quisquis
484 1709 680 1762 possidet
699 1709 813 1762 quod
825 1707 1057 1761 possidet?
1077 1708 1231 1747 Nonne
1242 1706 1350 1759 jure
1374 1706 1597 1746 humano?

275 1781 387 1820 Nam
422 1782 517 1821 iure
549 1781 692 1821 divino
725 1780 889 1819 domini
921 1786 981 1819 est
1012 1785 1133 1818 terra
1166 1785 1205 1818 et
1229 1776 1460 1830 plenitudo
1489 1777 1594 1816 eius.

274 1852 498 1904 Pauper-es
530 1858 570 1891 et
601 1851 754 1891 divites
788 1863 874 1890 una
906 1856 1028 1889 terra
1060 1854 1304 1901 supportat.
1353 1845 1458 1886 Iure
1490 1859 1595 1899 ergo

275 1922 462 1962 humano
485 1921 667 1962 dicitur:
695 1920 805 1961 Villa
828 1920 903 1960 lzec
926 1932 1021 1959 mea
1045 1925 1116 1958 est.
1148 1918 1282 1969 Tolle,
1311 1917 1462 1970 inquit,
1496 1918 1595 1957 iura

277 1993 555 2045 imperatoris
589 1999 629 2031 et
659 1992 754 2045 quis
783 1991 914 2030 audet
947 1990 1112 2029 dicere:
1143 1988 1251 2028 Villa
1285 1989 1361 2028 lzec
1395 2001 1488 2028 mea
1522 1994 1596 2037 est,

221 2075 260 2106 25
280 2076 397 2103 meus
431 2070 492 2103 est
524 2063 601 2102 iste
631 2075 797 2113 servus,
832 2073 925 2101 mea
959 2066 1022 2100 est
1053 2060 1129 2099 lzec
1160 2059 1343 2098 domus?
1377 2058 1421 2098 Si
1453 2065 1594 2098 autem

278 2139 323 2172 ut
343 2140 573 2173 teneantur
597 2133 678 2172 ista
703 2133 756 2172 ab
779 2131 1032 2181 hominibus,
1071 2143 1225 2183 regum
1257 2130 1354 2168 iura
1375 2129 1596 2183 fecerunt,

278 2203 407 2243 vultis
446 2203 707 2243 reticeamus
752 2203 869 2256 leges
913 2209 958 2241 ut
999 2200 1264 2254 gaudeatis?
1312 2199 1433 2239 Unde
1478 2197 1596 2249 infra,

276 2274 428 2314 XCVIa
459 2273 746 2324 distinccione,
784 2272 1110 2321 Constantinus,
1145 2271 1386 2323 incorporat
1427 2268 1597 2308 ecclesia

277 2354 432 2384 cartam
465 2344 612 2383 cesaris
645 2342 722 2382 sub
756 2341 891 2381 forma
919 2356 1003 2394 qua
1031 2341 1190 2381 dotavit
1223 2339 1455 2380 ecclesiam.
1485 2338 1596 2378 Cum

220 2423 261 2455 30
279 2428 376 2467 ergo
410 2415 499 2466 lege
532 2413 749 2466 scripture,
782 2413 873 2465 lege
907 2421 1150 2452 sanctorum
1183 2412 1406 2451 doctorum
1431 2418 1471 2449 et
1499 2409 1596 2448 iuris

278 2483 466 2523 canonici
502 2497 586 2523 non
626 2484 677 2523 sit
711 2482 938 2523 fund-abilis
983 2482 1177 2521 secularis
1221 2480 1463 2521 dominacio
1504 2479 1595 2519 cleri

332 2669 371 2696 18.
404 2677 448 2704 19.
488 2670 517 2696 A
548 2669 603 2703 Al:
648 2667 971 2703 scriptumhabemuz:
1024 2666 1062 2692 B:
1096 2665 1239 2700 scriptis3
1283 2663 1373 2691 Corr.
1408 2674 1422 2692 e
1464 2671 1594 2691 canone.

279 2723 325 2742 20.
347 2716 374 2743 A
395 2716 452 2751 Al:
474 2715 660 2751 possideret.

344 2848 393 2880 Μ’).
421 2848 519 2879 Decr.
546 2848 557 2879 I
584 2858 674 2890 pars,
709 2846 787 2878 dist.
816 2845 903 2884 VIII,
938 2855 962 2876 c,
992 2846 1015 2875 Ι.
1160 2842 1212 2875 28.
1248 2843 1328 2875 Dec.
1357 2843 1367 2873 I
1397 2851 1486 2885 parS,
1520 2840 1599 2871 dist.

282 2908 401 2945 XCVI,
428 2917 455 2937 c.
480 2907 568 2937 XIV.

1800 251 1875 291 301

1645 376 1693 404 He
1714 377 1773 404 and
1795 377 1842 405 liis

1607 420 1622 438 a
1627 412 1742 447 postles
1758 411 1882 439 lefused

1607 421 1645 475 ail
1666 447 1735 475 cixil
1764 455 1882 483 ρων-ει-

1667 1359 1690 1386 11
1712 1359 1736 1386 is
1758 1361 1877 1394 against

1649 1395 1698 1422 the
1720 1403 1850 1422 canons.
