2045 3312
103 277 113 302 ¹
128 265 178 304 58
811 272 1037 306 JOHANNIS
1063 272 1261 306 wvcmr.
1499 257 1606 318 [CAP.
1627 268 1708 298 vm.

114 388 216 451 ‘tange
238 392 351 450 ¹poqsglae-
386 379 476 431 ista,
510 378 649 432 prImo
683 380 968 432 supponendo
1002 379 1077 420 tria
1110 392 1183 432 per
1216 378 1422 418 ordinem.
1456 378 1613 430 Primo,
1646 378 1745 420 in-1
1768 388 1803 422 A

95 458 532 523 &Riggrfztstlffi-quam,
577 462 625 488 ex
658 449 907 502 supradictis
951 458 1220 502 supponatur
1267 448 1455 502 predicta
1500 447 1712 488 sentencia
1735 459 1813 491 150e

96 528 372 566 ream-explained.
389 520 438 559 de
483 518 687 573 quiditate
735 528 876 559 sancte
920 518 1065 559 matris
1099 518 1283 571 ecclesie,
1323 532 1398 558 nec
1431 527 1493 558 est
1525 517 1595 557 illa
1626 517 1712 557 abi-

389 589 535 630 cienda
567 604 590 629 a
624 589 778 630 Christi
804 589 989 641 ecclesia,
1018 603 1117 629 cum
1148 602 1224 629 nec
1258 588 1464 642 contingit
1497 587 1714 628 ecclesiam

388 659 642 713 speculative
665 673 741 699 nec
764 659 943 712 practice
967 659 1196 713 quicquam
1220 673 1473 713 cognoscere
1496 672 1571 699 nec
1590 658 1712 699 meri·
1732 668 1748 701 5

388 730 492 770 torie
541 730 678 770 debite
724 729 973 781 conversari,
1019 729 1052 769 si
1095 729 1147 769 sit
1191 730 1369 770 omnino
1423 729 1620 770 destituta
1664 728 1715 767 ab

390 800 479 841 eius
527 800 694 840 noticia.
759 801 870 839 Nam
908 799 1024 840 iuxta
1063 799 1173 840 dicta
1214 797 1302 841 XVi
1342 814 1433 853 cap.
1492 800 1716 853 theologus

393 870 500 910 soret
532 870 657 909 nimis
690 870 844 910 inscius
876 869 1097 910 racionum
1136 869 1337 923 scripture
1371 879 1410 910 et
1446 868 1542 910 fidei
1575 870 1715 909 ortho-

391 941 498 980 doxe
542 940 613 994 qui
647 941 824 981 omnino
857 939 1067 994 ignoraret
1104 940 1356 994 quiditatem
1397 949 1536 980 sancte
1569 940 1715 980 matris

391 1010 575 1051 ecclesie.
622 1012 708 1050 Nec
741 1010 888 1051 dubito
931 1010 1035 1064 quin
1068 1011 1183 1050 deest
1216 1009 1459 1061 decretistis,
1492 1010 1648 1063 legistis
1678 1018 1776 1052 etio

392 1080 659 1134 philosophis
681 1081 906 1121 ,fructuosa
938 1081 1176 1134 speculacio
1209 1080 1281 1135 qui
1315 1080 1493 1121 omnino
1522 1080 1717 1134 ignorant

392 1151 495 1204 quid
548 1151 599 1191 sit
654 1161 797 1192 sancta
847 1160 982 1191 mater
1025 1151 1210 1191 ecclesia.
1256 1152 1366 1190 Nam
1410 1164 1559 1191 omnes
1604 1150 1716 1204 leges

393 1222 579 1261 humane
610 1230 708 1262 sunt
735 1221 914 1262 finaliter
936 1223 987 1261 ad
1011 1221 1329 1261 defendendum
1350 1221 1562 1261 iusticiam
1595 1220 1719 1260 huius

393 1291 535 1331 matris
581 1301 621 1332 et
665 1293 935 1345 purgandum
981 1305 1073 1332 eam
1113 1292 1164 1331 ab
1210 1290 1418 1331 erroribus
1451 1291 1604 1344 quibus
1643 1304 1719 1343 pro

394 1371 584 1415 tempore
623 1361 687 1401 vie
730 1362 1068 1416 temptacionum
1101 1361 1418 1402 adversitatibus
1467 1360 1777 1414 implicatur.15

395 1431 507 1471 Cum
552 1446 650 1486 ergo
694 1432 788 1472 finis
826 1432 995 1485 inponit
1027 1432 1257 1472 maximam
1296 1431 1584 1472 necessitatem
1618 1444 1719 1483 ope-

396 1502 521 1554 ribus,
555 1516 601 1542 ex
636 1503 690 1541 110
714 1502 980 1542 Phisicorum
1014 1502 1287 1542 manifestum
1326 1511 1387 1542 est
1409 1502 1525 1555 quod
1554 1509 1721 1553 oportet

397 1586 546 1612 omnes
579 1574 772 1613 doctores
807 1572 1086 1626 speculativos
1110 1581 1288 1612 statuere
1319 1581 1498 1612 matrem
1531 1579 1721 1610 nostram

396 1652 442 1683 ut
456 1644 644 1696 regulam
660 1644 710 1682 ad
733 1652 958 1683 tractatum
974 1642 1297 1697 speculabilium
1315 1642 1662 1692 mensurandum,
1682 1649 1720 1680 et

397 1728 470 1768 per
492 1714 604 1753 idem
628 1727 754 1754 nemo
770 1713 950 1753 intendit
972 1712 1086 1766 praxi
1110 1712 1323 1764 laudabili,
1348 1712 1424 1752 nisi
1449 1712 1488 1751 in
1513 1719 1722 1765 quantum
1738 1731 1780 1753 20

398 1786 585 1825 tenderet
607 1785 658 1824 ad
680 1784 889 1824 honorem
917 1784 983 1824 vel
1007 1784 1288 1824 commodum
1311 1783 1435 1823 huius
1457 1782 1622 1834 matris;
1645 1794 1721 1821 nec

399 1856 576 1895 dubium
610 1854 712 1908 quin
736 1867 862 1894 nemo
885 1854 969 1894 viat
994 1853 1206 1894 meritorie
1230 1854 1464 1894 secundum
1488 1851 1722 1904 beneplaci-

400 1936 493 1967 tum
516 1925 660 1979 sponsi
685 1924 870 1977 ecclesie,
886 1924 964 1965 nisi
984 1925 1034 1965 de
1051 1933 1212 1978 quanto
1236 1933 1432 1977 operatur
1446 1924 1497 1963 ad
1514 1923 1723 1963 honorem

401 2006 440 2037 et
463 1997 746 2037 commodum
768 2009 921 2049 sponse
945 2009 1030 2036 sue.
1065 1996 1119 2035 Et
1139 1995 1237 2035 hinc
1260 1994 1489 2048 precipitur
1510 1993 1551 2033 in
1585 1993 1723 2047 primo

401 2068 602 2107 mandato
636 2067 816 2107 secunde
856 2066 997 2106 tabule
1035 2066 1152 2119 quod
1183 2064 1317 2105 fidelis
1350 2064 1530 2104 honoret
1561 2072 1724 2117 patrem
1740 2072 1780 2105 25

403 2147 443 2178 et
474 2147 666 2190 matrem,
703 2137 819 2191 quod
851 2135 1024 2175 indubie
1057 2134 1341 2188 principaliter
1385 2133 1630 2187 intelligitur
1674 2134 1724 2173 de

404 2208 572 2248 Christo
592 2216 631 2247 et
649 2221 724 2246 sua
748 2206 930 2247 ecclesia.
958 2206 1044 2245 Nec
1066 2205 1247 2245 honorat
1270 2218 1363 2244 earn
1385 2204 1450 2243 vel
1473 2203 1606 2256 diligit
1623 2202 1723 2242 fide-

404 2278 494 2318 liter
517 2292 645 2332 quam
668 2290 755 2316 non
778 2276 925 2316 noscit.
950 2275 1048 2316 Ideo
1071 2288 1237 2315 necesse
1265 2283 1338 2327 est,
1362 2283 1407 2313 ut
1430 2273 1568 2313 omnis
1592 2272 1725 2312 fidelis

405 2349 474 2388 det
505 2361 677 2401 operam
711 2347 762 2386 ad
786 2346 1133 2400 cognoscendum
1156 2344 1356 2384 direccius
1379 2352 1559 2383 matrem
1591 2357 1724 2382 suam.

115 2430 242 2471 εἶπαι
264 2440 308 2470 wp
337 2431 390 2457 ab·
465 2418 660 2457 Secundo
695 2417 951 2470 supponitur
983 2416 1101 2470 quod
1133 2415 1385 2468 procedatur
1417 2414 1460 2453 in
1497 2413 1579 2454 isto
1619 2422 1765 2455 trac-2

139 2466 373 2529 ,ui-enaggdiaise-
406 2496 494 2528 tatu
528 2488 617 2528 sine
662 2487 906 2541 duplicitate
951 2485 1171 2526 mendacii.
1219 2486 1331 2524 Nam
1362 2484 1634 2524 mendacium
1667 2492 1727 2523 est

407 2557 567 2611 precisa
599 2558 759 2597 cautela
791 2571 864 2611 per
896 2571 1026 2612 quam
1059 2556 1251 2596 diabolus
1284 2554 1421 2595 illudit
1452 2554 1660 2606 fidelibus,
1683 2562 1729 2593 ut

461 2692 480 2711 ι.
502 2684 524 2710 B
546 2683 575 2710 in
597 2691 694 2718 marg.
716 2690 798 2710 man.
821 2683 890 2710 alt.:
912 2682 1090 2710 Posteriora
1111 2681 1196 2717 prius
1218 2682 1300 2710 dicit.
1321 2682 1349 2709 A
1370 2680 1399 2708 in
1416 2688 1531 2715 marg:
1552 2679 1632 2707 Tres
1653 2686 1728 2713 sup-

408 2730 590 2766 positiones.
613 2730 730 2763 (sselow
752 2729 812 2757 1500
838 2729 968 2757 without
989 2730 1075 2757 marl<
1096 2728 1131 2756 of
1147 2729 1329 2763 reference.)
1455 2734 1492 2756 12.
1512 2727 1540 2754 A
1560 2727 1589 2754 in
1612 2733 1725 2760 marg:

407 2777 515 2805 Racio:
537 2775 722 2804 Necessaria
737 2781 782 2804 est
798 2776 912 2804 noticia
929 2776 965 2803 de
982 2781 1087 2804 sancta
1103 2782 1199 2805 matre
1221 2774 1362 2804 ecclesia.

476 2861 523 2894 16.
552 2861 602 2893 Cf.
631 2862 735 2893 Arist.
780 2859 940 2906 Φυσικῆς
975 2858 1177 2907 ἀκροάσεως
1212 2862 1248 2893 Β.
1277 2869 1306 2892 2.
1351 2860 1442 2902 Opp.
1475 2864 1559 2890 tom.
1594 2857 1616 2898 1,
1657 2867 1730 2900 ¹94·

414 2922 572 2966 aiffa..
600 2922 650 2953 Cs.
681 2931 785 2964 supra
813 2932 889 2964 pag.
915 2932 940 2952 1.
