2045 3312
283 272 372 300 cAr.
390 260 458 319 Χῖ]
795 275 854 306 DE
884 274 1118 306 ECCLESIA.

199 392 267 424 El
344 381 402 420 Ex
446 380 535 420 istis
578 389 693 433 patet
726 379 874 432 triplex
909 379 1197 418 correlarium:
1240 379 1427 432 primum
1464 379 1599 418 decla-

1815 262 1890 301 233

1635 389 1682 416 All
1712 387 1876 423 privileges

1683 428 1764 451 must
1787 423 1824 449 be

189 448 267 482 ¹61¹³
284 450 394 490 racio
428 460 467 490 et
497 449 768 490 confirmacio
792 449 1092 502 descripcionis
1123 448 1349 502 supradicti
1379 449 1602 502 privilegii3
1623 458 1805 487 reasonable
1827 457 1887 485 and

245 521 470 564 zsecundo
514 529 641 574 patet,
676 534 773 560 cum
811 528 928 559 actus
974 518 1264 573 privilegiandi
1307 532 1457 572 regum
1500 528 1603 558 terre

285 590 510 644 exemplari
569 590 691 630 debet
742 604 765 629 a
816 589 1156 643 privilegiacione
1219 599 1359 629 sancte
1411 590 1605 629 Romane

251 661 468 711 §ecclesie
521 674 651 714 quarn
711 669 879 713 oportet
938 660 1249 712 subintelligere
1308 659 1605 700 condicionem

285 732 391 772 sicut
423 740 591 784 oportet
623 740 662 771 et
694 731 834 771 Deum
866 745 889 770 a
921 744 1008 785 quo
1043 739 1104 771 est
1136 730 1276 771 omnis
1321 730 1605 784 privilegiacio

284 801 538 855 exemplata:
570 814 738 841 necesse
769 811 830 841 est
857 815 973 854 reges
1003 811 1108 841 terre
1131 801 1445 853 subintelligere
1474 800 1605 840 racio-

285 871 547 911 nabilitatem
591 871 812 924 privilegii,
861 871 918 911 sic
963 872 1080 925 quod
1113 886 1199 911 non
1235 880 1357 911 sonet
1388 871 1430 910 in
1463 870 1607 910 alicuis

284 942 501 994 iniuriam3
546 942 662 996 quod
694 941 724 981 si
759 942 1002 994 ignoranter
1045 941 1200 993 fecerit,
1237 955 1349 982 error
1386 950 1607 995 perceptus

231 1030 269 1051 ιο
285 1013 407 1052 debet
436 1012 577 1052 statim
612 1026 660 1051 ex
692 1013 893 1052 mandato
918 1012 1074 1053 Christi
1110 1022 1149 1052 et
1181 1012 1406 1066 eius-pura
1435 1011 1607 1052 licencia

243 1083 482 1124 3revocari.
517 1084 569 1124 Et
600 1092 715 1136 patet
746 1083 876 1123 tercio
909 1084 1087 1123 stultum
1120 1097 1207 1123 esse
1238 1097 1285 1122 ex
1314 1082 1438 1123 nudis
1472 1082 1607 1121 verbis

285 1153 487 1207 privilegii
526 1154 665 1208 aliqua
704 1163 851 1193 'vocata
889 1153 1106 1207 privilegia
1139 1168 1220 1207 que
1259 1163 1357 1193 sunt
1396 1152 1606 1192 manifesti

286 1238 445 1264 errores
504 1224 768 1274 concludere,
822 1224 920 1278 quia
976 1223 1041 1278 (ut
1090 1232 1204 1276 patet
1252 1225 1310 1264 VO
1359 1223 1607 1263 Ethicorum

285 1308 374 1347 cap.
434 1294 586 1334 ultimo
637 1295 697 1334 De
749 1292 969 1348 Epykeya)
1022 1307 1191 1334 necesse
1243 1302 1304 1333 est
1354 1293 1397 1332 in
1456 1293 1606 1333 talibus

231 1364 596 1417 15subintelligere
626 1364 921 1404 condicionem
956 1374 1123 1418 captam
1154 1379 1176 1404 a
1208 1364 1312 1413 fine3
1346 1364 1462 1403 aliter
1495 1363 1608 1403 enim

284 1445 419 1488 preter
470 1435 619 1488 triplex
671 1434 970 1474 inconveniens
1024 1435 1274 1489 (deductum
1324 1434 1367 1473 in
1414 1434 1608 1487 proximo

286 1504 488 1559 capitulo)
535 1515 779 1558 sequeretur
818 1504 1040 1545 manifesta
1084 1505 1360 1558 blasphemia,
1403 1514 1448 1545 ut
1492 1514 1608 1557 puta,

284 1589 353 1615 rex
383 1576 535 1629 Anglie
569 1575 762 1615 concedit
795 1575 964 1616 cuilibet
995 1575 1065 1614 tali
1100 1575 1277 1628 fugitivo
1311 1574 1609 1615 omnimodam

285 1646 534 1697 libertatem,
580 1647 652 1686 sed
695 1646 863 1686 libertas
895 1660 918 1686 a
951 1656 1124 1699 peccato
1173 1656 1233 1686 est
1278 1646 1475 1697 maxima,
1521 1646 1608 1685 sine

229 1732 269 1753 20
288 1730 371 1770 qua
414 1730 500 1756 non
547 1726 607 1756 est
651 1716 790 1770 aliqua
833 1730 929 1756 vera
960 1716 1141 1768 libertas,
1175 1731 1273 1770 ergo
1306 1730 1377 1756 rex
1416 1716 1610 1756 concedit

287 1786 456 1826 cuilibet
488 1786 559 1826 tali
592 1786 736 1839 ipsum
769 1800 856 1826 esse
890 1786 1069 1826 liberum
1092 1801 1115 1826 a
1138 1796 1322 1840 peccato.
1351 1788 1480 1836 Quod
1511 1800 1609 1826 cum

288 1866 409 1896 sonat
454 1856 775 1909 blasphemiam,
821 1856 1095 1896 manifestum
1140 1866 1201 1896 est
1245 1857 1361 1910 quod
1406 1857 1482 1896 hec
1522 1870 1608 1896 non

285 1926 362 1966 fuit
413 1926 520 1978 regis
574 1926 758 1966 intencio
806 1928 876 1966 sed
923 1928 1039 1980 quod
1076 1927 1276 1967 haberent
1321 1928 1609 1981 quodcunque

288 2008 502 2037 terrenum
546 1996 814 2050 privilegium
862 1997 1022 2037 tamin
1063 1997 1184 2036 bonis
1225 2007 1371 2037 nature
1405 2012 1534 2052 quam
1566 1998 1606 2037 in

230 2070 268 2103 25
290 2067 412 2107 bonis
447 2066 613 2106 fortune
646 2068 763 2120 quod
796 2081 868 2107 sue
901 2067 1087 2107 subiacet
1121 2067 1331 2120 potestati.

1636 499 1689 522 not
1713 493 1876 529 injurious,

1639 1089 1698 1117 aud
1727 1090 1786 1116 iliis
1809 1096 1881 1115 cou-

1658 1124 1752 1152 diiion
1782 1129 1865 1151 must

1674 1160 1787 1195 always·
1809 1160 1845 1186 be

1657 1194 1862 1226 understood,

1650 1229 1795 1256 however
1814 1229 1864 1256 tlic

1645 1264 1748 1292 words
1771 1263 1806 1291 of
1823 1266 1874 1291 tlie

1640 1300 1789 1335 privilege
1809 1307 1878 1327 run.

240 2140 272 2172 F
345 2138 406 2175 Ex
450 2137 537 2177 istis
581 2137 708 2177 tercio
755 2137 964 2190 colligitur
996 2138 1114 2191 quod
1153 2137 1305 2178 virtute
1339 2138 1434 2178 dicti
1476 2139 1898 2191 privi—lzyvi1·1ueorti1is

1637 2192 1707 2217 very
1730 2184 1880 2218 privilege

285 2207 382 2260 legii
427 2208 551 2248 multi
590 2207 754 2260 fugitivi
788 2208 839 2247 ad
873 2207 1035 2247 dictum
1067 2208 1213 2247 locum
1247 2208 1398 2248 debent
1432 2208 1472 2247 in
1508 2223 1604 2248 casu
1631 2227 1721 2245 manx-
1745 2220 1886 2253 fugitives

286 2287 405 2318 acute
450 2277 604 2330 puniri,
650 2278 772 2317 bonis
817 2277 962 2317 alienis
1008 2291 1089 2331 que
1134 2288 1346 2330 occupant
1380 2279 1528 2331 privari
1568 2290 1606 2318 et

286 2347 376 2386 aliis
420 2348 638 2387 medicinis
683 2358 770 2388 tam
815 2348 1102 2401 corporalibus
1148 2362 1276 2401 quam
1322 2349 1607 2402 spiritualibus

230 2419 271 2450 30
286 2419 338 2457 ad
385 2419 563 2458 salutem
607 2418 747 2457 anime
791 2432 864 2458 sue
904 2418 1172 2458 tendentibus
1207 2419 1442 2472 expurgari.
1490 2419 1608 2459 Patet

287 2502 334 2528 ex
379 2488 459 2528 hoc
505 2489 622 2542 quod
667 2488 722 2527 ibi
769 2488 922 2528 virtute
967 2489 1170 2542 privilegii
1222 2489 1437 2529 habebunt
1491 2490 1607 2543 quod

338 2657 358 2676 1.
394 2650 421 2676 A
453 2649 483 2676 in
517 2657 631 2684 marg:
665 2647 795 2683 Triplex
836 2647 1056 2676 Cori-elafium.
1202 2658 1227 2676 2.
1259 2650 1288 2677 A
1319 2651 1376 2684 A1:
1416 2651 1606 2684 supradicte.

286 2696 314 2722 8.
344 2696 385 2722 B:
416 2695 608 2723 nobilitatem
642 2695 805 2730 privilegii.
967 2697 1011 2724 [ὁ.
1050 2696 1091 2722 ss:
1130 2697 1335 2732 quadruplex.
1501 2704 1538 2731 ¹7·
1579 2698 1606 2723 A

286 2744 317 2770 in
339 2750 454 2777 marg.:
480 2741 571 2770 Nota.
714 2743 761 2771 26.
782 2745 809 2771 A
830 2743 860 2771 in
883 2751 996 2779 marg:
1019 2743 1131 2772 Tereia
1151 2744 1325 2772 conclusio.
1460 2751 1505 2778 27.
1526 2743 1555 2770 A
1576 2743 1605 2770 in

287 2797 383 2824 marg.
396 2797 403 2815 :
424 2789 515 2818 Nota.

349 2908 398 2941 13.
427 2909 513 2941 vict.
540 2909 744 2942 Ethicoruin
772 2909 1100 2942 Nicomacheorum.
1128 2911 1169 2951 V,
1197 2921 1225 2942 c.
1259 2921 1305 2951 14.

1674 2251 1784 2280 sliould
1811 2255 1847 2281 be

1675 2289 1846 2323 puuisllcd3
