2045 3312
1895 273 1913 310 5

1865 285 1886 310 10

304 278 393 305 cm».
417 267 514 324 xm]
798 280 858 311 DE
886 281 1119 312 EchEsm.
1835 271 1854 309 3

151 397 180 429 Τ
211 395 288 440 ¹74¹³
304 387 456 439 Deum,
490 388 561 426 sed
600 400 686 426 non
719 396 886 439 oportet
918 387 950 426 si
983 385 1293 427 confirmaverit
1326 387 1624 439 imperatorem

302 458 417 510 quod
450 457 538 510 ipse
570 457 623 497 sit
655 457 929 497 excellencius
961 457 1204 510 imperator,
1249 457 1348 511 quia
1380 466 1480 497 tunc
1520 457 1626 498 foret

301 527 550 580 coniugatus
583 536 623 567 et
654 527 795 566 omnis
827 527 998 568 ordinis.
1047 526 1164 567 Sicut
1197 541 1296 579 ergo
1330 527 1443 566 Deus
1488 537 1626 581 potest

301 596 488 637 conferre
512 597 626 637 alteri
651 597 1050 637 denominacionem
1074 606 1268 649 creatam,
1290 597 1386 637 licet
1407 598 1449 636 in
1472 612 1514 637 se
1537 612 1624 637 non

209 667 449 719 1740habeat
499 666 737 707 11a11c÷÷ve1
780 667 921 718 talem,
967 667 1037 706 sed
1082 666 1207 706 habet
1250 667 1293 706 in
1339 681 1381 707 se
1425 667 1625 708 virtutem

301 737 655 788 excellenciorem,
690 737 751 777 sic
779 745 840 777 est
872 738 923 777 de
954 737 1175 791 prepositis
1205 737 1386 777 ecclesie.
1422 739 1507 777 Nec
1530 752 1622 778 mo-

299 816 367 847 vet
398 807 681 847 consideracio
715 808 765 848 de
804 809 1002 861 monade,
1035 810 1133 863 quia
1179 809 1293 849 solus
1328 808 1519 850 Christus
1563 820 1624 850 est

301 886 426 930 caput
448 877 692 917 universalis
716 878 899 932 ecclesie,
924 879 1111 919 sanccior
1132 879 1174 918 in
1199 880 1307 919 clero
1326 879 1546 931 militante,
1571 882 1622 919 ad

300 948 418 988 cuius
453 949 653 988 ducatum
687 948 822 988 maior
854 947 948 1002 pars
981 950 1198 990 militantis
1231 949 1402 990 ecclesie
1434 950 1623 991 ambulat

243 1038 282 1058 10
298 1019 383 1059 vias
407 1019 583 1071 domini,
613 1027 674 1059 est
703 1028 828 1072 caput
861 1020 1078 1060 militantis
1102 1020 1271 1060 ecclesie
1304 1021 1445 1074 quoad
1468 1021 1619 1063 Deum.

247 1098 282 1129 V
355 1089 437 1129 Sed
488 1089 555 1128 ille
606 1089 649 1129 in
703 1103 831 1143 quem
888 1090 1073 1130 militans
1138 1091 1308 1130 ecclesia
1364 1092 1622 1132 consenserit
1662 1096 1773 1135 *rope
1792 1098 1853 1125 aud

298 1169 342 1199 ut
374 1160 597 1213 primatem
630 1168 690 1199 est
723 1168 848 1212 caput
880 1160 1097 1200 militantis
1132 1161 1301 1201 ecclesie
1325 1162 1467 1215 quoad
1494 1131 1910 1231 11111n-ffff¹⁵;r}r}}fii{1rg{>tf

297 1231 412 1270 dum.
465 1229 509 1269 In
543 1229 624 1269 alio
656 1238 800 1270 autem
836 1244 986 1284 genere
1029 1231 1233 1284 primatus
1275 1240 1336 1272 est
1378 1231 1618 1285 imperator,
1727 1245 1822 1272 ways.

297 1308 337 1339 et
369 1299 424 1338 sic
465 1308 552 1339 tam
590 1313 700 1352 papa
732 1313 862 1353 quam
893 1300 1123 1353 imperator
1156 1309 1334 1355 uterque
1366 1302 1480 1342 alteri
1520 1303 1617 1342 sub-

243 1369 441 1420 15iectUS,
494 1369 565 1409 sed
609 1383 718 1422 papa
760 1369 1003 1422 simpliciter
1045 1371 1234 1424 superior
1281 1371 1313 1410 si
1358 1386 1445 1411 non
1490 1382 1620 1426 ponat

296 1439 677 1479 contradiccionem
711 1439 753 1478 in
787 1440 972 1482 nomine.
1008 1441 1059 1480 Et
1082 1441 1188 1481 sicut
1219 1442 1391 1481 materia
1413 1443 1547 1496 prima
1580 1453 1619 1483 et

295 1508 429 1548 forma
473 1518 571 1549 sunt
618 1509 704 1549 duo
749 1523 900 1562 genera
945 1524 1167 1550 causarum
1207 1525 1389 1565 quarum
1428 1522 1488 1553 est
1522 1515 1617 1554 dare

293 1579 511 1619 materiam
550 1593 719 1619 causam
760 1580 942 1633 primam
980 1580 1023 1620 in
1056 1595 1134 1621 suo
1167 1596 1331 1635 genere,
1364 1592 1403 1623 et
1436 1583 1616 1624 formam

293 1663 459 1689 causam
499 1649 679 1702 primam
712 1650 754 1688 in
787 1664 864 1690 suo
904 1664 1068 1703 genere,
1107 1660 1147 1691 et
1184 1653 1397 1692 mundum
1430 1653 1617 1706 primum

235 1740 275 1761 20
293 1732 340 1757 ex
379 1718 435 1758 eis
468 1719 758 1773 compositum
791 1729 972 1774 utroque
1010 1735 1161 1772 genere
1193 1722 1519 1776 perfeccionum,
1559 1726 1615 1765 sic

293 1797 353 1828 est
384 1788 426 1828 in
460 1789 701 1830 elementari
736 1791 1052 1844 composicione
1085 1792 1305 1832 militantis
1340 1794 1522 1835 ecclesie.

351 1859 471 1898 Unde
515 1859 623 1899 absit
654 1858 822 1899 fidelem
855 1861 1018 1900 credere
1062 1863 1178 1915 quod
1211 1862 1388 1916 quilibet
1419 1865 1612 1905 sacerdos
1646 1876 1828 1911 According
1849 1884 1880 1905 to

292 1927 445 1968 Christi
478 1927 539 1982 (in
563 1938 772 1982 quantum
794 1930 1059 1987 huiusmodi)
1093 1932 1145 1972 sit
1178 1933 1370 1985 superior
1403 1934 1442 1973 in
1474 1910 1903 1984 domi-liioerdtiiffgigiffie

291 1998 465 2038 nacione
499 1998 607 2038 civili
637 2013 765 2053 quam
798 2000 948 2054 aliquis
980 2015 1050 2041 rex
1082 2003 1146 2041 vel
1179 2003 1379 2044 dominus
1403 2006 1612 2059 secularis,
1627 1989 1901 2057 κνὲἷιῗᾶγὺὲἒίενῖἷιγ

232 2080 272 2113 25
291 2077 336 2108 ut
385 2068 483 2109 dicit
528 2069 678 2109 doctor
719 2070 944 2123 predictus.
997 2071 1038 2111 Si
1090 2081 1232 2112 tamen
1284 2087 1394 2127 papa
1443 2050 1898 2116 haberetabovethchlng3

288 2139 632 2180 dominacionem
663 2140 780 2180 illam
813 2141 1056 2182 immediate
1089 2157 1111 2182 a
1145 2142 1314 2183 Christo
1360 2153 1399 2184 et
1431 2158 1518 2184 non
1564 2160 1612 2185 ex

287 2209 411 2249 titulo
459 2210 687 2251 elemosine
733 2212 896 2263 cesaris,
950 2226 1035 2252 non
1080 2212 1204 2253 video
1250 2214 1353 2268 quin
1398 2225 1612 2268 oporteret

290 2281 518 2320 concedere
563 2283 679 2335 quod
734 2296 843 2335 papa
899 2291 939 2322 et
983 2292 1122 2324 totum
1165 2298 1298 2338 genus
1343 2287 1610 2326 sacerdotum

290 2349 581 2391 dominaretur
612 2352 851 2392 seculariter
882 2366 1008 2406 super
1030 2353 1220 2408 singulos
1252 2368 1368 2408 reges
1402 2364 1521 2407 terre,
1554 2356 1609 2396 ita

229 2429 271 2462 30
287 2421 404 2473 quod
436 2420 543 2461 sicut
574 2422 759 2475 quelibet
782 2422 1020 2475 superficies
1054 2424 1204 2464 dicitur
1226 2424 1438 2465 infinitum
1472 2426 1608 2466 maior

287 2503 416 2542 quam
450 2490 572 2543 linea,
613 2492 669 2531 sic
703 2492 887 2546 quelibet
920 2494 1143 2533 sacerdotis
1191 2494 1432 2534 dominacio
1478 2495 1607 2535 civilis

287 2559 391 2599 foret
414 2559 625 2600 infinitum
660 2561 795 2601 maior
817 2576 944 2616 quam
979 2563 1118 2616 aliqua
1142 2564 1383 2604 dominacio
1406 2565 1605 2618 principis

285 2629 492 2670 secularis,
532 2631 586 2670 Et
618 2639 756 2684 potest
788 2631 869 2671 hoc
903 2631 1153 2684 confirmari,
1199 2647 1296 2673 cum
1329 2635 1521 2674 sacerdos
1567 2644 1606 2674 ct

337 2777 365 2804 6.
386 2778 447 2806 AB
463 2779 492 2806 in
510 2787 624 2814 marg:
639 2778 720 2807 Nota
736 2780 772 2806 de
789 2778 901 2815 triplici
915 2780 1027 2815 capite.
1137 2789 1162 2816 7.
1186 2781 1332 2817 monade,
1347 2781 1377 2808 id
1394 2786 1454 2808 cst:
1478 2782 1603 2809 unitate.

284 2823 392 2851 11.1’›in
407 2833 521 2861 marg:
536 2825 618 2853 Nora
633 2827 711 2854 bene
727 2831 817 2861 caput
833 2826 961 2854 ecclesie
974 2827 1143 2855 militantis.
1254 2835 1297 2854 22.
1311 2828 1336 2855 A
1349 2828 1379 2854 in
1393 2836 1506 2862 marga
1524 2828 1603 2856 Nola

283 2871 440 2905 quomodo
456 2872 607 2904 Christus,
622 2874 784 2908 quomodo
796 2882 875 2908 papa
888 2878 913 2900 ct
925 2875 1085 2909 quomodo
1101 2874 1272 2910 imperator
1284 2875 1601 2909 sumcapitaecclcsic·

283 2918 403 2950 (Above
420 2925 484 2954 ¹74⁶
503 2919 631 2947 without
645 2921 731 2948 mark
745 2921 779 2947 01*
791 2920 969 2955 reference).
1049 2920 1091 2950 33.
1107 2922 1134 2949 A
1150 2922 1179 2949 in
1202 2930 1317 2957 marga
1339 2921 1417 2949 Nota
1434 2921 1600 2949 racioncm.
