2045 3312
271 251 359 280 cm).
383 241 495 300 xva]
774 255 833 286 DE
861 255 1095 287 ECCLESIA.
1801 245 1884 296 403

116 371 154 404 H
178 369 255 412 184d
269 360 451 413 allegans
470 358 730 413 Apostolum
744 361 1039 400 Romanorum
1056 360 1134 399 XIa
1147 359 1357 399 dicentem
1371 361 1488 413 quod
1509 373 1591 399 non

268 444 413 470 omnes
445 431 517 484 qui
548 444 601 470 ex
622 431 764 471 Israel
784 438 884 471 sunt
903 438 1004 471 sunt
1026 430 1243 479 Israelite;
1268 431 1434 482 pocius,
1458 430 1594 484 inquit

268 500 548 554 Augustinus,
582 501 803 540 christiani
833 507 932 541 sunt
954 514 1036 540 non
1070 500 1143 554 qui
1174 499 1411 540 secundum
1435 501 1595 541 Ismael

253 571 343 624 filii
378 578 479 611 sunt
521 571 678 619 carnis,
717 570 792 611 sed
827 570 1061 611 secundum
1094 569 1221 610 Isaac
1237 571 1328 624 filii
1364 578 1465 610 sunt
1488 585 1592 624 pro-

235 642 479 685 5missionz's
517 641 574 681 ad
609 642 834 695 spirituale
875 641 1157 681 ministerium
1190 641 1468 694 pertinentes.
1532 642 1593 681 Ex

268 710 347 751 isto
392 725 589 765 processu
637 711 863 764 Augustini
907 712 1013 750 bene
1058 720 1206 750 notato
1250 711 1438 765 sequitur
1476 712 1593 765 quod

267 790 403 833 patres
435 781 583 821 veteris
616 781 855 821 testamenti
891 781 1055 821 fuerant
1088 781 1299 821 christiani
1333 790 1372 821 et
1404 782 1592 821 membra

267 851 455 903 ecclesie;
490 853 606 905 quod
629 860 819 904 negatur.
859 851 1032 903 Omnes,
1066 851 1215 905 inquit,
1239 853 1422 892 viventes
1444 866 1592 892 secun-

265 921 364 960 dum
400 922 538 975 legem
563 922 720 962 Christi
750 929 852 962 sunt
867 923 959 976 filii
982 921 1158 962 Abralze
1180 929 1220 962 et
1240 923 1329 963 veri
1356 923 1590 963 christiani.

212 1013 249 1034 10
266 991 327 1030 Ex
370 1005 454 1044 qua
500 992 775 1032 conclusione
820 1001 934 1045 patet
981 994 1097 1046 quod
1130 1007 1202 1046 per
1233 1001 1404 1046 tempus
1442 993 1591 1033 veteris
1627 999 1864 1062 chirsscrluastfgffid

264 1061 504 1101 testamenti
538 1062 702 1102 fuerant
734 1062 960 1113 christiani,
994 1063 1059 1102 vel
1093 1064 1278 1103 secundo
1313 1064 1428 1116 quod
1461 1064 1591 1103 modo
1828 1056 1851 1062 *¹

265 1131 367 1170 nulli
412 1141 510 1171 sunt
556 1131 629 1172 filii
677 1132 856 1185 Abrahe,
901 1133 964 1172 vel
1009 1134 1125 1186 quod
1170 1133 1213 1172 in
1258 1143 1403 1173 sancto
1448 1134 1588 1173 triduo

265 1202 385 1241 beata
416 1202 534 1256 virgo
569 1216 654 1241 non
688 1202 824 1242 fuerat
857 1202 1096 1254 christiana,
1129 1203 1227 1256 quia
1260 1212 1360 1243 tunc
1393 1217 1477 1243 non
1514 1203 1592 1244 fuit

265 1271 319 1311 ita
360 1273 475 1325 quod
512 1272 603 1325 ipsa
642 1272 836 1312 observat
868 1273 1004 1326 legem
1039 1273 1207 1325 Christi,
1242 1287 1339 1313 cum
1372 1283 1472 1314 tunc
1514 1273 1591 1314 fuit

212 1341 320 1386 15ita
372 1342 489 1395 quod
543 1356 629 1381 non
675 1352 735 1382 est
784 1342 987 1384 Christus.
1036 1344 1158 1383 Unde
1202 1342 1381 1383 finaliter
1426 1344 1590 1384 videtur

264 1411 616 1466 inconsequenter
666 1412 828 1453 dictum
881 1414 998 1467 quod
1047 1413 1125 1453 fuit
1169 1414 1339 1453 ecclesia
1386 1415 1590 1455 catholica

265 1482 382 1522 cuius
416 1483 535 1522 beata
568 1482 687 1536 virgo
722 1483 800 1523 fuit
832 1498 925 1537 pars
960 1498 1035 1537 pro
1069 1484 1208 1524 triduo
1243 1485 1388 1525 mortis
1418 1485 1587 1537 Christi,

232 1551 402 1604 1prirno
437 1553 547 1607 quia,
581 1554 721 1607 posito
755 1554 870 1607 quod
902 1555 1129 1608 loquamur
1161 1569 1238 1608 pro
1261 1555 1333 1595 illo
1355 1555 1509 1607 triduo,
1540 1570 1588 1596 ex

264 1622 338 1662 tibi
372 1623 501 1662 dubio
536 1624 625 1663 sola
658 1624 774 1678 virgo
808 1634 869 1664 est
901 1638 1082 1678 persona
1115 1624 1248 1665 fidelis
1281 1636 1503 1679 supersteS,
1549 1636 1588 1667 et

204 1713 245 1734 20
261 1706 359 1732 cum
403 1692 491 1746 ipsa
536 1707 621 1733 non
667 1694 718 1734 sit
763 1694 984 1735 christiana
1031 1709 1078 1735 ex
1111 1695 1185 1735 tibi
1218 1696 1362 1748 dubio,
1396 1710 1481 1736 non
1527 1705 1589 1737 est

221 1763 492 1806 2multitudo
526 1764 723 1805 omnium
758 1765 1094 1806 christianorum.
1120 1766 1331 1815 Similiter,
1355 1781 1430 1820 per
1451 1776 1587 1807 totam

259 1833 387 1873 vitam
405 1833 559 1874 Christi
576 1848 823 1888 corpoream
837 1844 932 1875 ante
958 1845 1140 1876 mortem
1162 1850 1247 1875 non
1268 1836 1393 1876 fiebat
1417 1838 1587 1878 ecclesia

260 1902 325 1958 (ut
348 1902 530 1958 dicitur),
557 1905 655 1958 quia
688 1905 829 1945 solum
862 1919 938 1958 pro
972 1915 1163 1960 tempore
1202 1906 1340 1946 fluxus
1370 1907 1585 1961 sanguinis

259 1982 299 2013 et
329 1988 438 2028 aque
473 1975 523 2014 de
553 1989 631 2014 suo
660 1976 797 2025 latere,
829 1977 944 2029 quod
974 1976 1050 2016 fuit
1078 1986 1174 2029 post
1202 1986 1385 2016 mortem
1418 1977 1584 2018 Christi.

206 2053 244 2085 Κ
316 2043 527 2096 Similiter,
571 2045 712 2098 posito
746 2047 861 2099 quod
894 2046 1121 2100 loquamur
1164 2061 1240 2100 pro
1289 2047 1400 2087 dicto
1442 2048 1582 2088 triduo
1610 2053 1811 2092 Application
1835 2055 1871 2083 0f

261 2122 300 2153 et
357 2128 584 2167 arguamus
636 2129 656 2153 a
711 2114 967 2155 diffinicione
1020 2117 1072 2156 ad
1124 2116 1375 2157 diffinitum:
1429 2088 1849 2158 Omnisl1ggtdlfflntil111r13>e11

260 2183 431 2224 ecclesia
475 2184 677 2225 catholica
721 2195 781 2226 est
824 2186 1069 2226 universalis
1115 2187 1344 2227 multitudo
1387 2189 1581 2229 omnium
1693 2161 1784 2196 days;

258 2253 581 2294 christianorum
605 2255 860 2296 habencium
893 2271 940 2296 ex
973 2257 1136 2311 integro
1159 2267 1316 2297 rectam
1340 2266 1380 2297 et
1402 2259 1579 2299 eandem

257 2322 398 2376 fidem,
431 2339 505 2378 per
540 2325 758 2366 Christum
791 2335 831 2366 et
874 2341 972 2366 suos
1017 2328 1233 2380 apostolos
1266 2328 1580 2382 promulgatam

201 2402 296 2437 30et
340 2404 484 2446 postea
528 2410 549 2434 a
595 2396 747 2436 sanctis
791 2397 979 2450 patribus
1019 2397 1061 2436 in
1101 2398 1285 2437 conciliis
1318 2399 1579 2452 generalibus

257 2463 523 2517 declaratam,
557 2467 629 2505 sed
663 2480 776 2506 nuuc
800 2476 861 2506 est
885 2467 1055 2507 ecclesia
1078 2468 1281 2508 catholica
1305 2468 1423 2508 cuius
1447 2479 1579 2510 mater

256 2533 420 2572 domini
454 2545 514 2575 est
546 2550 655 2589 pars,
689 2550 788 2590 ergo
822 2550 935 2577 nunc
968 2548 1028 2577 est
1060 2538 1306 2579 universalis
1345 2539 1576 2581 multitudo

254 2603 450 2643 omnium
485 2605 822 2657 christianorum,
857 2608 1112 2647 habencium
1145 2622 1192 2648 ex
1224 2609 1387 2661 integro
1419 2619 1576 2650 rectam

253 2681 292 2712 et
344 2675 521 2714 eandem
572 2675 701 2716 fidem
747 2690 820 2730 per
866 2677 1083 2718 Christum
1127 2688 1166 2718 et
1209 2693 1307 2719 suos
1358 2680 1575 2732 apostolos

304 2864 324 2884 1.
346 2856 379 2884 In
400 2857 491 2885 codd.
513 2857 601 2886 Rom.
621 2858 672 2886 IX.
773 2860 808 2888 15.
830 2861 859 2888 A
879 2860 910 2888 in
927 2869 1041 2896 marg.:
1063 2861 1176 2890 Tereia
1192 2864 1366 2898 responsio.
1465 2864 1506 2892 25.
1527 2866 1571 2894 A:

252 2903 338 2931 litera
359 2904 370 2930 1
392 2904 487 2932 deest.
630 2906 668 2933 31.
691 2907 720 2934 A
741 2907 771 2934 in
793 2915 909 2942 marg:
932 2908 1076 2942 Quedam
1098 2910 1247 2938 diffinicio
1269 2910 1405 2939 ecclesie.

1399 2959 1462 2992 26÷÷
