2045 3312
315 262 550 322 CAP.XV111.]
823 275 882 307 DE
909 274 1145 307 ECCLESIA.
1842 261 1922 311 423

162 394 194 427 F
222 394 298 437 187¹³
315 383 391 422 nisi
445 383 514 422 ubi
563 390 624 421 est
667 380 817 433 aliquis
857 379 1119 430 christianus,
1153 391 1251 431 ergo
1305 393 1377 431 per
1429 378 1634 418 maiorem

314 463 477 506 partem
510 452 621 491 orbis
653 459 858 490 terrarum
891 462 978 488 non
1011 457 1072 488 est
1104 448 1290 488 ecclesia.

263 537 300 571 G
373 523 427 562 Et
470 522 502 562 si
548 521 696 561 dicitur
741 519 858 573 quod
906 527 967 558 est
1009 517 1063 557 ibi
1099 518 1334 558 secundum
1367 527 1634 571 potestatem,

314 593 369 632 sic
412 605 553 632 revera
592 590 776 644 quelibet
807 602 987 642 persona
1020 597 1161 628 sancte
1193 589 1336 628 matris
1371 589 1540 629 ecclesie
1575 598 1635 629 est

280 662 484 715 5ubique,
518 670 557 701 et
589 661 645 700 sic
679 660 926 700 concederet
959 672 1057 698 cum
1089 659 1212 698 beato
1245 658 1486 713 Augustino
1520 660 1637 712 quod
1671 669 1753 706 Why
1775 670 1849 709 dqes
1870 669 1907 708 ne

313 742 400 772 tam
433 730 603 771 ecclesia
635 729 820 769 militans
851 743 980 782 quam
1002 728 1270 781 triumphans
1295 738 1355 768 est
1377 743 1472 782 pars
1501 729 1637 769 tocius
1653 705 1834 779 ‘ixiiigffiffiite
1853 706 1924 767 {iiii

314 801 498 841 ecclesie.
545 801 639 840 Hoc
687 799 801 839 enim
850 812 1022 852 persepe
1069 799 1214 838 dicunt
1256 799 1385 839 sancti
1427 775 1927 851 doctore8‚triliiriiiiiitaiinaraerjd

313 872 407 911 licet
453 870 774 910 mendacissime
819 869 980 909 dicatur
1024 870 1141 923 quod
1175 869 1322 909 nullibi
1356 869 1455 909 dicit
1486 869 1637 923 aliquis
1678 852 1737 872 one
1760 844 1904 872 Churcli.)

314 943 461 981 doctor
504 954 634 980 unam
681 953 768 979 esse
816 939 1035 979 ecclesiam
1067 953 1115 979 ex
1147 939 1250 980 istis.
1284 940 1395 979 Nam
1430 938 1495 994 (ut
1539 953 1637 992 sepe

262 1009 503 1064 1Oallegavi)
547 1009 823 1063 Augustinus,
856 1009 1140 1049 Encheridion
1175 1010 1328 1050 LXIVO
1374 1023 1462 1062 cap.
1517 1009 1638 1062 ponit

313 1081 416 1121 illud
447 1090 486 1120 et
519 1081 560 1119 in
590 1081 651 1120 De
679 1079 986 1129 Questionibus
1018 1079 1167 1119 veteris
1202 1088 1241 1119 et
1272 1093 1381 1119 nove
1413 1079 1513 1132 legis
1547 1093 1636 1132 cap.

312 1151 485 1190 XLVIIO
531 1150 586 1190 sic
631 1149 788 1189 scribit:
835 1149 931 1189 Non
975 1150 1115 1189 solum
1161 1156 1303 1189 autem
1351 1163 1425 1189 nos
1475 1149 1550 1189 sed
1599 1157 1638 1189 et

311 1221 489 1274 superni
506 1221 612 1260 cives
630 1220 803 1260 ecclesie
820 1220 1009 1259 membra
1024 1227 1137 1259 sunt.
1154 1219 1285 1259 Aliter
1308 1219 1421 1259 enim
1437 1219 1523 1272 ipsa
1547 1234 1634 1259 non

313 1300 420 1331 esset
465 1304 618 1343 corpus
662 1291 727 1329 vel
772 1303 926 1343 sponsa
967 1289 1123 1330 Christi
1158 1299 1196 1330 et
1236 1303 1417 1343 persona
1460 1303 1636 1329 manens

259 1361 512 1408 15continue
557 1374 640 1400 una
684 1374 706 1400 a
750 1359 958 1413 principio
992 1360 1142 1400 mundi
1182 1374 1317 1414 usque
1349 1360 1390 1399 in
1431 1369 1634 1400 eternum.

315 1433 409 1471 Non
459 1431 571 1470 enim
616 1439 676 1470 est
720 1431 831 1469 racio
885 1444 1013 1484 quare
1062 1445 1108 1470 ex
1154 1430 1354 1470 omnibus
1405 1430 1636 1470 christianis

314 1510 694 1554 quantumcunque
722 1499 909 1540 localiter
931 1500 1180 1540 distantibus
1204 1501 1478 1554 componitur
1500 1515 1637 1541 unum

314 1584 481 1623 corpus,
529 1570 633 1623 quin
677 1583 751 1623 per
794 1569 907 1609 idem
954 1584 1002 1609 ex
1048 1570 1177 1610 beatis
1213 1580 1252 1611 et
1283 1571 1514 1623 viantibus3
1559 1585 1634 1611 nec

313 1650 453 1694 potest
492 1639 669 1679 colorari
713 1639 839 1691 racio,
885 1641 1106 1693 quomodo
1151 1654 1199 1680 ex
1242 1650 1331 1680 tota
1365 1641 1635 1681 multitudine

256 1736 296 1758 20
313 1710 410 1750 fidei
454 1709 792 1761 christianorum,
837 1709 933 1749 licet
978 1709 1057 1750 fuit
1099 1711 1220 1750 valde
1253 1710 1428 1763 disparis
1469 1711 1636 1764 speciei,

314 1780 486 1820 resultat
530 1793 613 1819 una
656 1778 759 1819 fides
804 1793 886 1832 que
933 1788 993 1819 est
1027 1779 1202 1820 formale
1235 1794 1322 1834 quo
1365 1781 1637 1821 constituitur

315 1850 500 1901 ecclesia,
536 1849 638 1903 quin
670 1863 693 1889 a
726 1850 813 1903 pari
847 1863 894 1888 ex
928 1850 1128 1890 omnibus
1162 1851 1456 1903 predestinatis
1479 1852 1531 1891 sit
1553 1865 1636 1892 una

315 1934 470 1973 sponsa
503 1919 672 1959 Christi.
707 1920 774 1959 Sic
807 1919 921 1958 enim
955 1933 1002 1959 ex
1035 1920 1165 1960 beatis
1190 1921 1399 1961 viantibus
1424 1930 1463 1961 et
1486 1923 1634 1975 damp-

314 1990 419 2030 natis
466 1989 511 2029 fit
558 2003 695 2029 unum
737 2003 870 2042 genus
901 1989 1154 2042 humanum,
1189 1992 1300 2031 unde
1333 1992 1449 2045 quod
1487 1992 1637 2032 dicitur
1678 2011 1746 2039 The
1767 2012 1898 2039 mmmm

257 2076 294 2108 25
313 2060 529 2099 ecclesiam
562 2059 815 2099 militantem
847 2073 933 2098 non
967 2073 1052 2098 esse
1086 2060 1440 2114 circumscriptive
1469 2062 1635 2113 alicubi,
1665 2047 1910 2110 cisssflssfscclhiffed

314 2131 467 2170 falsum
520 2139 593 2181 est,
648 2143 746 2169 cum
798 2129 850 2169 sit
902 2143 1055 2182 corpus
1107 2130 1264 2170 habens
1313 2145 1447 2171 unum
1491 2132 1635 2171 locum
1687 2126 1719 2145 ³⁵
1742 2126 1770 2145 '⁰
1793 2119 1889 2153 9¹³⁰&

315 2201 741 2252 circumscribentem,
776 2200 882 2240 sicut
913 2200 1040 2241 habet
1074 2215 1204 2241 unam
1237 2201 1378 2253 fidem,
1413 2210 1453 2241 et
1485 2202 1542 2241 sic
1576 2211 1636 2241 est

316 2284 469 2324 corpus
508 2271 745 2310 animatum
776 2270 998 2321 racionale‚
1032 2285 1131 2310 nam
1165 2280 1225 2310 est
1257 2285 1409 2325 corpus
1442 2271 1635 2311 sensibile

315 2354 509 2381 exercens
553 2349 668 2380 actus
711 2340 870 2391 vitales,
910 2341 1016 2380 sicut
1050 2341 1333 2381 multitudinis
1368 2341 1633 2381 credencium

258 2426 300 2458 30
316 2420 401 2451 erat
434 2425 504 2451 cor
536 2424 671 2451 unum
694 2419 733 2450 et
764 2410 905 2450 anima
926 2424 1021 2462 una,
1062 2421 1108 2451 ut
1141 2411 1291 2452 dicitur
1313 2415 1405 2451 Act.
1440 2412 1530 2462 IV0‚
1568 2412 1632 2450 32.

316 2482 413 2521 Ideo
462 2482 582 2521 valde
625 2489 786 2520 remota
835 2490 895 2520 est
940 2481 1236 2522 dissimilitudo
1275 2483 1325 2521 ad
1358 2482 1635 2536 probandum

315 2551 433 2604 quod
456 2564 541 2590 non
566 2559 626 2590 est
648 2550 845 2603 animata,
878 2550 973 2591 licet
1005 2550 1129 2602 vivat,
1154 2551 1262 2591 sicut
1284 2552 1452 2605 spiritus
1474 2552 1634 2603 vivunt,

316 2630 355 2661 et
387 2635 473 2660 non
507 2629 604 2660 sunt
635 2619 821 2660 animati.
846 2620 887 2660 Si
921 2620 1033 2660 enim
1066 2621 1236 2674 spiritus
1269 2621 1405 2661 forent
1435 2622 1633 2675 organici,

369 2788 414 2814 27.
435 2779 456 2807 Β
479 2780 508 2808 in
532 2788 651 2815 marg:
672 2780 811 2808 Ecclesia
832 2785 877 2808 est
898 2789 1014 2815 corpus
1037 2780 1210 2808 animatum
1233 2781 1399 2808 racionale.

380 2909 429 2930 12.
457 2901 535 2942 Aug
574 2901 665 2943 Opp.
694 2907 777 2932 tom.
806 2901 859 2941 Ill⁷
888 2900 1045 2943 Append.
1073 2911 1150 2944 pag.
1177 2900 1232 2932 60.
