2045 3312
263 256 350 285 CAP.
378 243 505 302 xxm]
766 260 824 291 DE
853 260 1085 292 ΕεεῐΕΞΙΑ.
1796 254 1871 294 583

110 376 145 410 U
167 373 247 419 207b
264 364 345 404 Sed
380 378 463 418 que
497 364 609 404 racio
643 363 786 419 (rogo)
820 362 973 405 huius?
1007 366 1071 405 vel
1095 379 1177 419 que
1213 367 1433 407 diversitas
1468 369 1584 421 quod

264 435 488 489 episcopus
530 433 790 474 Nullatensis
837 449 922 475 non
967 435 1126 476 sufficit
1179 438 1413 477 concedere
1461 438 1584 478 alicui

264 505 580 558 indulgenciam
614 513 997 559 quantumcunque
1031 506 1161 559 digno
1186 507 1299 560 apud
1322 507 1475 556 Deum,
1502 509 1585 562 epi-

265 590 418 630 scopus
442 584 586 616 autem
621 575 793 616 dotatus
817 575 977 616 sufficit
1010 577 1242 616 concedere
1266 591 1410 630 parem
1445 579 1583 619 indul-

229 647 457 700 §genciam
480 654 864 700 quantumcunque
889 646 1115 700 dispariter
1145 647 1411 700 indispositis
1435 648 1485 687 de
1509 663 1584 688 sua

264 713 458 771 dyocesi?
510 716 732 770 Numquid
777 717 875 756 talia
928 717 1039 757 dicta
1079 727 1234 757 sonant
1287 718 1403 771 quod
1445 719 1583 759 indul-

263 787 409 840 gencia
444 795 504 827 est
527 800 634 841 pure
667 801 716 826 ex
739 787 915 827 arbitrio
939 788 1147 841 prepositi
1176 797 1274 841 post
1308 789 1582 830 dotacionem

265 857 439 898 ecclesie
485 857 714 897 adinventa
756 867 796 897 et
830 857 1183 898 irracionabiliter
1216 871 1263 898 ac
1297 858 1500 900 fallaciter
1533 861 1585 900 ad

170 927 504 978 207⁶illusionem
550 927 722 967 ecclesie
766 940 865 981 sepe
911 925 1064 968 fictass?
1124 929 1178 968 Et
1223 942 1367 968 revera
1408 930 1481 983 qui
1526 931 1585 969 vi-

210 1015 249 1037 ιο
267 998 422 1037 dentur
441 996 670 1037 defendere
690 998 921 1051 libertates,
938 999 1176 1052 privilegia,
1194 999 1379 1039 honores
1397 1000 1584 1052 ecclesie,

268 1077 313 1108 ut
336 1067 473 1119 amici,
499 1077 598 1108 sunt
624 1081 672 1107 ex
708 1068 971 1108 adulacionis
1000 1069 1094 1108 oleo
1121 1068 1335 1110 inficiente
1363 1071 1585 1111 mendacio

268 1147 307 1177 et
341 1137 586 1178 defensione
621 1137 756 1177 fallaci
798 1139 839 1178 in
873 1149 1048 1192 peccato
1081 1140 1152 1179 diu
1189 1141 1443 1180 abscondito
1477 1142 1584 1181 eius-

270 1209 365 1249 dem
402 1209 574 1248 ecclesie
609 1209 860 1262 nequissimi
895 1209 1118 1249 domestici
1152 1210 1326 1250 inimici.

169 1285 209 1319 X
232 1286 250 1317 1
325 1279 425 1318 Ideo
477 1279 681 1333 premissa
731 1279 883 1319 humili
937 1281 1254 1333 protestacione
1307 1282 1357 1321 de
1414 1282 1586 1322 ecclesie
1620 1288 1857 1339 wyciifsssmn

212 1356 248 1389 15
266 1349 558 1402 veneracione,
611 1349 662 1389 de
714 1349 866 1389 humili
915 1350 1185 1390 subieccione
1231 1360 1271 1391 et
1316 1352 1367 1391 de
1412 1366 1586 1392 suarum
1630 1325 1849 1352 conclusmns.

265 1419 512 1460 libertatum
560 1420 773 1460 constanti
819 1419 1068 1460 defensione
1125 1421 1220 1461 dico
1274 1423 1414 1476 primo
1466 1424 1585 1477 quod

265 1503 393 1529 nemo
428 1499 488 1530 est
522 1503 654 1543 capax
682 1490 963 1543 indulgencie,
1000 1492 1077 1531 nisi
1113 1491 1241 1532 fuerit
1274 1501 1314 1532 et
1348 1493 1398 1532 de
1423 1502 1586 1547 quanto
1627 1507 1647 1527 1-
1670 1499 1741 1527 God
1762 1499 1852 1527 alone

1619 1539 1726 1570 grants
1753 1534 1856 1562 indul-

265 1559 393 1600 fuerit
426 1560 579 1613 dignus
605 1561 668 1600 vel
702 1561 935 1614 dispositus
960 1575 1035 1615 per
1067 1562 1254 1615 graciam
1289 1564 1403 1616 apud
1429 1564 1583 1606 Deum.
1601 1570 1879 1632 ffintcneggssnssssgffl

265 1631 387 1671 Patet
420 1644 468 1670 ex
502 1631 580 1671 hoc
614 1632 731 1685 quod
771 1645 898 1671 nemo
938 1632 971 1672 si
1006 1646 1091 1671 non
1125 1633 1240 1673 Deus
1282 1634 1352 1673 dat
1386 1634 1489 1674 tales
1524 1635 1584 1674 in·
1619 1641 1657 1668 he
1671 1640 1861 1704 ffiffmffade

207 1716 250 1738 20
266 1701 511 1754 dulgencias
545 1702 616 1755 qui
651 1715 737 1742 non
761 1703 832 1742 dat
873 1703 952 1743 nisi
985 1703 1090 1742 caris
1115 1704 1203 1743 suis
1250 1717 1358 1757 quos
1383 1704 1441 1744 sic
1465 1705 1583 1758 prius

265 1771 474 1813 habilitat.

224 1848 250 1881 2
325 1841 429 1880 Dico
445 1842 633 1881 secundo
650 1843 765 1895 quod
785 1843 924 1881 omnis
944 1843 1150 1895 recipiens
1174 1844 1275 1883 tales
1294 1844 1586 1896 indulgencias
1601 1850 1878 1913 {cfacdhiiff‘iffiiss

265 1912 316 1950 de
350 1921 469 1951 tanto
504 1913 718 1966 copiosius
744 1926 812 1952 eas
838 1914 1001 1966 recipit,
1037 1915 1086 1952 de
1120 1923 1284 1966 quanto
1315 1913 1440 1953 fuerit
1467 1915 1585 1953 habi—
1644 1894 1841 1950 *egrtlhi‘fiess

263 1982 344 2021 lior
366 1982 508 2035 quoad
533 1982 684 2023 Deum.
722 1983 843 2023 Patet
868 1996 915 2022 ex
950 1983 1029 2022 hoc
1062 1984 1178 2037 quod
1204 1984 1366 2036 precise
1392 1984 1441 2023 de
1467 1995 1585 2024 tanto

210 2058 248 2090 25
268 2052 381 2091 Deus
415 2053 488 2093 dat
521 2053 599 2093 sibi
640 2054 855 2106 copiosius
898 2054 999 2093 tales
1034 2054 1342 2106 indulgencias,
1391 2055 1461 2094 sed
1496 2055 1585 2108 ipse

264 2122 364 2162 facit
397 2123 601 2176 quicquid
635 2123 735 2163 facit
767 2124 817 2163 ad
852 2124 1057 2176 regulam.

224 2198 249 2230 3
325 2193 428 2231 Dico
461 2194 592 2233 tercio
616 2194 731 2248 quod
766 2194 920 2233 nullius
951 2193 1139 2247 episcopi
1164 2194 1434 2246 indulgencia
1459 2196 1582 2248 prod·
1600 2201 1625 2229 3.
1648 2200 1878 2264 iffiulbgsssctssp's

266 2271 327 2302 est
364 2263 541 2316 homini,
582 2265 661 2303 nisi
701 2264 750 2303 de
784 2272 945 2317 quanto
984 2264 1100 2316 prius
1143 2277 1185 2303 se
1220 2264 1432 2317 disposuit
1471 2266 1582 2318 apud
1599 2245 1876 2334 frig'firtgciiiditii

267 2334 419 2373 Deum.
461 2334 582 2374 Patet
615 2347 663 2373 ex
697 2334 776 2373 hoc
816 2334 933 2387 quod
966 2334 1081 2374 Deus
1120 2348 1204 2374 non
1241 2335 1311 2374 dat
1343 2335 1422 2374 sibi
1457 2336 1584 2375 talem
1670 2315 1801 2378 W01'51y·
1863 2328 1872 2334 Β

210 2404 581 2456 30indulgenciam
607 2405 685 2444 nisi
713 2405 766 2444 ad
789 2413 956 2444 tantum
981 2418 1029 2444 ex
1054 2405 1352 2458 proposicione
1375 2406 1583 2457 proxima,

267 2474 338 2513 sed
372 2474 532 2527 precise
557 2474 607 2514 de
629 2483 750 2515 tanto
775 2475 1067 2528 cuiuscunque
1092 2475 1279 2528 episcopi
1316 2475 1584 2528 indulgencia

266 2544 452 2596 prodest.

319 2723 340 2742 1.
370 2712 411 2742 B:
441 2723 516 2749 rogo
538 2715 607 2743 hoc.
716 2722 742 2742 2.
772 2716 940 2751 episcopus
959 2715 1161 2749 Nullatensis,
1189 2717 1218 2744 id
1246 2721 1301 2749 est,
1331 2716 1498 2751 episcopus
1531 2718 1583 2751 qui

267 2761 371 2789 sedem
393 2762 602 2797 episcopalem
617 2763 785 2791 nonhabet.
876 2771 908 2790 11.
930 2763 970 2790 B:
996 2762 1088 2791 amici
1104 2764 1174 2791 sint.
1268 2763 1313 2791 28.
1326 2764 1354 2790 A
1369 2764 1424 2797 A,:
1441 2770 1473 2790 se
1488 2764 1583 2790 deest.

330 2891 377 2924 16.
393 2891 438 2923 Cf
464 2892 538 2923 Hus
552 2893 720 2924 adversus
739 2891 980 2934 indulgencias
996 2893 1138 2935 papales
1155 2892 1280 2935 Opp.l,
1302 2889 1580 2934 CLXxvhseqq.
