2045 3312
141 823 295 852 therefore
315 823 361 851 his

123 859 208 887 chief
224 859 383 887 followers

128 897 204 922 have
225 903 242 922 a
263 894 378 929 special

114 931 195 965 right
218 934 247 956 to
268 937 392 964 posses-

213 965 294 993 sion.

179 1315 329 1341 Answer:

146 1348 225 1376 This
246 1349 312 1376 also
336 1349 360 1375 is

214 1389 296 1418 true:

836 288 1059 321 ,ioHANNIs
1089 288 1283 321 WYCLIF.
1518 277 1623 331 [CAP.
1643 286 1725 315 xxv.

405 408 565 434 eorum.
601 394 711 433 Nam
742 394 912 433 Psalmo
936 394 1063 444 V1110‚
1099 394 1138 444 8,
1171 394 1221 432 de
1254 393 1327 433 illo
1361 393 1531 434 dicitur:
1571 393 1726 435 Omnia
1746 406 1826 453 172‘i
1847 409 1867 443 1

403 465 621 505 subiecisti
641 465 719 505 sub
746 464 931 517 pedibus
963 464 1066 512 eius,
1101 473 1140 504 et
1172 465 1284 504 Luce
1308 465 1380 517 XO,
1415 477 1481 516 22,
1515 464 1614 505 dicit
1652 465 1728 506 iste

408 534 718 589 primogenitus
783 548 831 574 ex
894 533 1039 574 multis
1105 534 1323 575 fratribus:
1397 533 1556 575 Omnia
1624 536 1729 576 mihi

405 605 570 646 tradita
602 611 704 645 sunt
735 618 761 644 a
787 611 918 657 patre
964 618 1076 654 meo,
1125 614 1165 644 et
1201 605 1372 645 Psalmo
1404 605 1460 645 ΙΙΟ
1498 605 1729 659 alloquitur

405 684 522 729 pater
555 684 678 715 eum:
719 675 895 715 Postula
935 690 960 715 a
994 688 1058 714 me
1092 681 1132 715 et
1164 674 1274 714 dabo
1308 674 1383 715 tibi
1420 683 1572 729 gentes
1607 677 1762 723 here-5

405 746 579 787 ditatem
615 752 749 794 tuam,
788 752 827 785 et
852 746 1174 798 possessionem
1208 752 1326 785 tuam
1362 746 1568 786 terminos
1599 752 1727 787 terre.

407 817 468 855 Ex
500 815 587 856 istis
620 815 675 854 sic
709 825 859 869 arguo:
893 816 1032 855 Nemo
1064 829 1159 854 vere
1191 815 1380 868 possidet
1425 815 1655 870 quicquam
1686 816 1729 855 in

406 895 511 926 terra
556 885 635 925 nisi
667 886 733 925 vel
766 885 959 926 Christus
1002 886 1068 926 vel
1115 886 1203 926 eius
1250 885 1374 938 filius,
1420 887 1492 926 sed
1526 887 1729 941 quicquid

406 957 500 998 talis
533 956 778 1009 possederit,
813 964 874 996 est
905 956 1216 1009 patrimonium
1249 955 1448 1009 crucifixi,
1479 971 1576 1011 ergo
1600 970 1728 997 nemo

407 1029 456 1067 de
508 1027 596 1066 iure
650 1026 886 1080 quidquam
938 1026 1127 1079 possidet
1180 1026 1258 1065 nisi
1310 1026 1435 1066 titulo
1482 1027 1728 1080 patrimonii
1749 1055 1788 1077 10

409 1096 608 1148 crucifixi,
642 1106 681 1136 et
714 1110 787 1150 per
820 1109 1084 1150 consequens
1107 1096 1343 1150 superiores
1367 1096 1454 1148 filii,
1488 1096 1730 1136 cuiusmodi

408 1178 504 1208 sunt
523 1167 657 1208 clerici
674 1177 712 1207 et
728 1166 958 1220 specialiter
981 1167 1069 1206 eius
1091 1166 1244 1218 vicarii,
1267 1167 1385 1220 prius
1402 1176 1441 1206 et
1456 1166 1730 1207 excellencius

410 1239 562 1278 debent
587 1238 800 1291 possidere
825 1238 874 1277 de
899 1237 986 1276 eius
1004 1237 1261 1290 patrimonio
1278 1250 1405 1291 quam
1421 1237 1489 1276 alii
1511 1237 1730 1280 seculares.

467 1309 546 1348 Hic
580 1308 731 1348 dicitur
764 1308 880 1361 quod
912 1316 1088 1361 utraque
1123 1307 1341 1347 conclusio
1365 1316 1426 1347 est
1449 1307 1729 1347 concedenda.

409 1381 518 1419 Nam
550 1379 636 1418 iure
669 1378 875 1418 altissimo
898 1378 1024 1417 habet
1046 1378 1134 1430 ipse
1158 1386 1245 1417 tam
1270 1378 1506 1418 secundum
1532 1377 1731 1418 deitatem
1751 1395 1788 1427 Ι5

408 1463 538 1503 quam
583 1448 819 1487 secundum
868 1447 1179 1487 humanitatem
1226 1448 1372 1487 omnia
1416 1448 1528 1487 bona
1567 1447 1730 1499 mundi,

408 1530 447 1559 et
501 1519 731 1559 secundum
787 1518 1099 1558 derivacionem
1150 1518 1201 1558 ab
1254 1518 1347 1570 ipso
1400 1518 1516 1558 fonte
1555 1518 1730 1569 iusticie,

409 1589 644 1629 secundum
690 1589 843 1640 gradus
889 1588 1144 1642 dignitatum
1190 1588 1439 1641 participant
1489 1589 1557 1628 alii
1611 1589 1731 1628 bonis

409 1659 507 1710 suis,
553 1659 592 1697 in
629 1667 795 1698 tantum
828 1659 943 1711 quod
977 1658 1007 1697 si
1041 1658 1130 1711 ipse
1164 1671 1249 1698 non
1285 1658 1432 1698 fuisset
1476 1658 1730 1710 incarnatus,

409 1743 494 1769 non
530 1728 676 1768 fuisset
716 1728 755 1766 in
798 1737 890 1767 toto
923 1742 1076 1781 genere
1110 1728 1299 1768 humano
1333 1729 1451 1781 lapso
1486 1728 1732 1781 simpliciter
1748 1756 1790 1778 20

409 1800 518 1839 iusta
562 1797 788 1851 possessio,
829 1798 885 1837 sie
919 1798 1035 1851 quod
1070 1812 1218 1838 omnes
1252 1808 1388 1851 patres
1421 1798 1570 1838 veteris
1608 1807 1730 1838 testa-

409 1869 538 1909 menti
573 1868 726 1922 quibus
752 1868 864 1907 Deus
899 1867 1108 1920 disposuit
1138 1882 1334 1920 regnum,
1358 1868 1443 1907 sive
1473 1868 1649 1921 gentiles
1687 1877 1734 1908 ut

408 1940 499 1990 Job,
533 1938 934 1978 Nabuchodonosor
967 1947 1006 1977 et
1038 1938 1210 1990 similes,
1244 1938 1328 1978 sive
1353 1938 1507 1978 Hebrei
1541 1948 1734 1991 tempore

410 2010 629 2062 utriusque
668 2007 784 2061 legis,
835 2022 997 2060 omnes,
1042 2008 1231 2062 inquam,
1276 2018 1522 2061 receperunt
1566 2023 1731 2062 posses-

410 2079 550 2118 siones
583 2079 671 2118 iure
695 2078 870 2130 Christi3
903 2078 974 2132 qui
999 2078 1194 2131 passione
1218 2093 1291 2119 sua
1315 2078 1555 2119 rectificavit
1585 2079 1731 2120 titulos
1748 2095 1789 2128 25

411 2149 607 2189 omnium
653 2149 944 2189 membrorum
988 2162 1180 2200 suorum,
1227 2163 1375 2202 ymmo
1409 2150 1732 2202 quodammodo

412 2219 570 2273 profuit
615 2218 690 2258 toti
736 2220 913 2268 mundo,
959 2233 1057 2258 cum
1103 2233 1251 2258 omnes
1303 2220 1534 2272 dampnati,
1587 2219 1733 2259 omnia

412 2290 659 2342 inanimata,
705 2299 745 2330 ct
794 2289 968 2329 breviter
1000 2298 1088 2329 tota
1122 2289 1368 2329 universitas
1415 2299 1550 2330 creata
1587 2290 1733 2343 recipit

413 2361 625 2413 quandam
659 2360 969 2413 perfeccionem
1003 2360 1231 2399 secundam
1262 2374 1309 2399 ex
1333 2360 1415 2399 vita
1439 2359 1609 2411 Christi,
1634 2374 1732 2400 cum

413 2440 527 2470 totus
562 2431 747 2469 mundus
772 2431 1007 2469 secundum
1030 2430 1263 2483 quamlibet
1292 2439 1455 2483 partem
1478 2430 1540 2469 sui
1565 2430 1730 2469 racione
1749 2445 1790 2477 30

414 2500 545 2539 meriti
574 2499 725 2539 Christi
751 2500 979 2552 perfeccius
1009 2500 1135 2540 servit
1159 2500 1262 2551 Deo,
1287 2514 1385 2540 cum
1407 2500 1523 2540 aliter
1545 2500 1731 2539 mundus

414 2570 518 2609 soret
560 2569 758 2617 colobon,
805 2579 844 2608 et
884 2578 1019 2621 partes
1064 2569 1298 2610 inordinate
1345 2569 1483 2610 forent
1528 2579 1731 2623 perpetuo

413 2640 490 2678 sibi
525 2639 621 2693 ipsis
655 2641 872 2679 contrarie.

467 2796 495 2815 (ι.
518 2791 540 2815 Α
565 2789 620 2822 Λ,;
644 2796 717 2820 ει·μο
778 2788 911 2815 crucifici
940 2788 1036 2815 deest.
1116 2798 1154 2822 ¹!-
1178 2790 1202 2815 A
1222 2788 1249 2815 in
1274 2796 1388 2822 marga
1411 2788 1598 2824 Responsio.
1621 2790 1732 2818 Omnis

415 2835 593 2862 dominacio
614 2840 641 2862 ct
662 2835 741 2862 iusta
763 2836 925 2870 1»‹›ss.·»i‹›
946 2840 990 2862 cst
1011 2835 1150 2862 instituta
1177 2844 1213 2862 cx
1235 2836 1293 2863 vita
1314 2835 1429 2864 Christi
1450 2840 1478 2862 et
1498 2844 1552 2863 sua
1575 2837 1732 2871 passione.

415 2889 454 2908 ει.
475 2882 502 2908 Α
518 2881 546 2909 iu
564 2889 677 2916 marg:
700 2881 880 2910 Conclusio.
985 2890 1031 2914 2⁴1..
1048 2881 1166 2909 Codd.:
1188 2890 1296 2910 omues
1312 2890 1341 2910 in
1358 2888 1518 2918 quantum.
1620 2890 1666 2918 29.
1687 2885 1733 2911 A:

418 2934 444 2955 ct
466 2927 535 2955 viti.
679 2928 721 2956 32.
746 2929 880 2956 colobou
904 2930 931 2957 in
954 2930 1044 2957 codd.
1067 2934 1148 2957 recte
1170 2929 1300 2957 colobos
1321 2928 1350 2956 id
1372 2934 1435 2957 est:
1458 2934 1627 2959 truncatus.
