2045 3312
285 265 489 323 CAP.V111.]
792 279 850 310 DE
879 279 1111 311 ECCLESIA.
1819 271 1890 309 165

129 397 161 430 E
187 386 432 429 151⁰Pet7·us
463 385 544 424 sihi
576 383 793 436 displicuit
814 384 986 436 quando
1006 384 1145 436 flevit,
1171 398 1298 437 quam
1329 386 1409 424 sibi
1434 386 1604 437 placuit

281 455 452 508 quando
490 456 774 507 presumpsit.
822 455 903 494 Sed
935 468 1009 507 per
1041 469 1083 494 se
1116 464 1268 494 notum
1301 464 1361 494 est
1393 455 1603 508 theologis

279 526 395 579 quod
442 538 528 564 non
574 524 721 564 exinde
754 525 1017 578 peccandum
1061 534 1135 576 est,
1181 526 1298 578 quod
1343 526 1506 565 bonum
1553 540 1600 565 ex

278 595 415 648 gracia
447 595 523 634 Dei
569 595 715 634 exinde
750 595 981 648 proveniat.
1033 596 1153 636 Unde
1187 597 1310 635 credo
1343 597 1460 649 quod
1504 610 1599 649 pec—

245 673 419 709 5catum
464 664 682 718 publicum
727 666 951 705 doctorum
985 680 1071 719 quo
1105 665 1324 706 manifeste
1365 667 1603 719 approbant

277 735 548 775 mendacium
592 745 637 775 ut
682 735 895 787 virtutem,
941 744 980 775 et
1024 737 1204 775 mendax
1237 736 1436 790 allegacio
1475 737 1600 790 origi-

277 807 451 857 nalium,
497 815 542 845 ut
585 806 806 846 mendacio
845 806 1019 860 pallient
1051 806 1211 846 dictum
1246 820 1386 857 suum,
1420 816 1602 846 vertetur

277 889 323 914 ex
346 876 484 929 gracia
506 876 580 915 Dei
606 876 684 915 illis
706 876 747 915 in
774 877 1068 928 commodum,
1093 878 1197 917 dum
1224 886 1363 917 tamen
1390 877 1431 916 in
1455 877 1534 917 isto
1559 891 1600 916 se

277 946 485 999 corrigant
518 955 557 986 et
594 955 942 1001 recognoscentes
982 946 1196 987 defectum
1228 961 1355 987 suum
1386 947 1602 987 humiliter

223 1016 530 1069 xoresipiscant.
586 1016 692 1065 Quis
731 1030 836 1069 rogo
879 1016 996 1057 aliter
1035 1027 1200 1070 caperet
1239 1032 1308 1057 eos
1341 1017 1381 1056 in
1417 1018 1600 1058 testimo-

276 1086 396 1126 nium
418 1088 483 1126 vel
505 1087 750 1140 alleg-acioni
770 1101 919 1127 eorum
935 1087 1129 1139 crederet,
1154 1088 1258 1127 dum
1281 1087 1464 1128 dicerent
1485 1090 1599 1142 quod

277 1157 487 1210 privatum
529 1158 811 1197 commodum
844 1157 1106 1197 meritorium
1140 1158 1191 1197 sit
1229 1158 1416 1210 mentiri;
1460 1172 1601 1198 revera

276 1228 417 1268 nescio
452 1242 531 1282 que
572 1228 717 1281 opinio
756 1229 946 1268 redderet
983 1228 1203 1268 hominem
1248 1229 1342 1281 plus
1382 1228 1596 1271 infamem.

230 1305 261 1338 F
335 1300 556 1348 Quantum
600 1299 651 1337 ad
696 1299 924 1338 secundam
970 1298 1229 1339 evidenciam
1262 1300 1379 1352 quod
1426 1308 1661 1352 propterTo
1690 1317 1780 1355 allow
1808 1317 1890 1357 lyfing

221 1369 472 1409 15salvanda
516 1369 733 1422 privilegia
779 1369 948 1408 ecclesie
996 1369 1102 1409 sicut
1140 1369 1182 1408 in
1222 1383 1318 1409 casu
1358 1369 1430 1423 qui
1464 1383 1599 1423 nuper
1614 1351 1890 1414 oghi1i·¹‹¹:iil¹u9‹ii1i¹iie

276 1439 452 1493 contigit
484 1439 750 1479 meritorium
783 1439 834 1478 sit
865 1439 1047 1490 mentiri,
1080 1439 1355 1479 manifestum
1389 1449 1450 1480 est
1482 1441 1598 1493 quod
1614 1422 1891 1492 ἓζξέξςιῦζζηὲἶζὲ

275 1511 430 1563 dogma
473 1509 576 1549 illud
623 1509 848 1549 inficiendo
897 1509 1112 1563 privilegia
1158 1511 1347 1550 redderet
1398 1524 1596 1564 procura-

274 1590 409 1619 torem
454 1580 623 1620 ecclesie
672 1580 797 1619 nimis
843 1589 1108 1633 suspectum3
1161 1594 1259 1621 cum
1312 1581 1425 1620 enim
1471 1595 1597 1621 omne

276 1650 539 1704 privilegium
582 1651 645 1690 vel
693 1650 859 1690 libertas
893 1651 944 1691 sit
977 1650 1204 1691 fundatum
1236 1652 1278 1691 in
1311 1652 1482 1693 veritate
1515 1667 1597 1706 que

217 1737 257 1758 20
273 1731 333 1761 est
365 1735 547 1775 sponsus
572 1720 755 1772 ecclesie,
787 1721 1061 1761 manifestum
1093 1730 1155 1761 est
1186 1723 1302 1775 quod
1336 1721 1597 1775 professione

272 1791 453 1831 veritatis
478 1802 516 1832 et
539 1806 625 1831 non
649 1793 856 1832 mendacii
879 1793 1040 1833 veritati
1069 1793 1256 1846 oppositi
1291 1793 1596 1844 defenderetur,

273 1862 436 1902 dicente
459 1863 604 1902 eadem
633 1862 802 1902 veritate
834 1863 925 1902 Joh.
950 1863 1078 1914 VIIIO,
1115 1864 1180 1914 31,
1208 1863 1278 1903 32:
1312 1863 1356 1902 Si
1376 1876 1450 1903 vos
1474 1878 1595 1904 man—

272 1932 417 1971 seritis
461 1933 502 1972 in
536 1945 735 1972 sermone
771 1946 878 1984 meo,
916 1947 1010 1973 vere
1045 1933 1243 1986 discipuli
1276 1935 1358 1974 mei
1390 1934 1523 1983 eritis,
1558 1941 1595 1973 et

272 2015 344 2041 vos
388 2003 654 2056 cognoscetis
697 2004 937 2054 veritatem,
982 2009 1021 2042 et
1064 2004 1226 2043 veritas
1271 2004 1474 2044 liberabit
1508 2017 1593 2044 vos.

217 2079 255 2110 25
274 2073 333 2111 Ex
366 2072 518 2125 quibus
550 2081 664 2125 patet
697 2086 795 2112 cum
827 2072 909 2112 fide
942 2072 1144 2125 scripture
1177 2074 1309 2126 quod,
1350 2075 1399 2113 de
1433 2084 1594 2128 quanto

272 2152 413 2182 orator
445 2143 614 2182 ecclesie
649 2144 831 2183 declinat
863 2158 886 2183 a
919 2158 1114 2184 sermone
1137 2145 1211 2184 Dei
1247 2145 1317 2198 qui
1352 2155 1414 2186 est
1445 2147 1593 2186 veritas

270 2214 312 2252 in
358 2213 478 2252 verba
520 2214 725 2253 mendacii
760 2228 842 2268 que
875 2225 973 2254 sunt
1008 2228 1223 2255 sermones
1256 2216 1425 2268 diaboli,
1459 2225 1504 2256 ut
1537 2217 1593 2256 sic

271 2297 312 2322 se
346 2283 486 2336 ipsum
519 2283 754 2323 inhabilitat
786 2285 837 2323 ad
870 2284 1083 2338 privilegia
1117 2293 1156 2324 et
1186 2285 1395 2326 libertates
1424 2287 1593 2326 ecclesie

271 2355 610 2405 procurandum3
642 2367 743 2392 nam
776 2355 890 2394 nulla
922 2355 1018 2394 talia
1051 2356 1202 2394 dantur
1242 2355 1319 2394 nisi
1352 2370 1426 2408 per
1462 2370 1592 2409 spon-

214 2426 255 2457 30
272 2437 367 2462 sum
412 2423 594 2475 ecclesie,
639 2424 855 2463 veritatem
899 2438 981 2478 que
1026 2425 1116 2464 odit
1148 2439 1275 2464 omne
1308 2427 1591 2466 mendacium.

273 2493 369 2532 Ideo
409 2493 507 2533 dicit
537 2493 629 2533 Joh.
663 2495 791 2545 V1110,
828 2496 897 2546 34:
938 2494 1090 2534 Omnis
1129 2496 1202 2548 qui
1222 2496 1337 2549 facit
1364 2504 1590 2548 peccatum

269 2576 421 2603 servus
466 2571 528 2603 est
565 2565 750 2616 peccati.
797 2565 882 2603 Nec
917 2565 1095 2604 dubium
1128 2566 1229 2618 quin
1263 2566 1400 2605 omnis
1440 2566 1591 2606 faciens

270 2633 539 2672 mendacium
572 2644 617 2673 ut
650 2634 705 2673 sic
745 2643 902 2687 peccat,
935 2635 1030 2673 ideo
1064 2636 1333 2674 mendacium
1367 2646 1428 2676 est
1460 2636 1589 2689 pessi-

269 2717 390 2742 mum
422 2703 612 2742 medium
647 2704 698 2742 ad
731 2705 1046 2757 procurandum
1090 2706 1201 2743 bona
1234 2706 1418 2745 ecclesie.
1482 2707 1591 2745 Nam

213 2772 469 2812 35n1entitor
513 2783 558 2812 ut
604 2774 661 2813 sic
707 2773 880 2813 offendit
925 2775 965 2812 in
1007 2784 1201 2814 naturam
1234 2775 1419 2815 divinam
1454 2790 1589 2828 aqua

320 2882 348 2904 4.
372 2874 400 2901 A
416 2874 445 2901 in
461 2884 576 2910 marg.:
605 2876 785 2903 Conclusio.
896 2884 928 2902 11.
948 2883 984 2903 12.
1007 2877 1045 2910 Α1
1062 2876 1149 2903 add:
1179 2877 1260 2911 quod
1279 2883 1406 2913 propter
1422 2877 1585 2912 privatum.

271 2920 309 2947 10'.
333 2922 376 2947 A:
398 2922 457 2949 sint
480 2924 508 2951 in
530 2932 614 2951 casu.
