<?xml version="1.0" encoding="UTF-8"?>
<!DOCTYPE html PUBLIC "-//W3C//DTD XHTML 1.0 Transitional//EN"
    "http://www.w3.org/TR/xhtml1/DTD/xhtml1-transitional.dtd">
<html xmlns="http://www.w3.org/1999/xhtml" xml:lang="en" lang="en">
 <head>
  <title>
</title>
<meta http-equiv="Content-Type" content="text/html;charset=utf-8" />
  <meta name='ocr-system' content='tesseract 3.04.00' />
  <meta name='ocr-capabilities' content='ocr_page ocr_carea ocr_par ocr_line ocrx_word'/>
</head>
<body>
  <div class='ocr_page' id='page_1' title='image "./iohanniswycliftr04wycl_0352.png"; bbox 0 0 2045 3312; ppageno 0'>
   <div class='ocr_carea' id='block_1_1' title="bbox 140 275 1746 336">
    <p class='ocr_par' dir='ltr' id='par_1_1' title="bbox 140 275 1746 336">
     <span class='ocr_line' id='line_1_1' title="bbox 140 275 1746 336; baseline -0.014 1"><span class='ocrx_word' id='word_1_1' title='bbox 140 301 157 324; x_wconf 73' lang='lat'>³</span> <span class='ocrx_word' id='word_1_2' title='bbox 174 301 220 336; x_wconf 72' lang='lat'>¹4</span> <span class='ocrx_word' id='word_1_3' title='bbox 862 292 1085 325; x_wconf 72' lang='lat' dir='ltr'>JOHANNIS</span> <span class='ocrx_word' id='word_1_4' title='bbox 1112 291 1306 323; x_wconf 69' lang='lat' dir='ltr'>wvcrir.</span> <span class='ocrx_word' id='word_1_5' title='bbox 1537 275 1643 333; x_wconf 69' lang='grc' dir='ltr'>[(ῐΑι).</span> <span class='ocrx_word' id='word_1_6' title='bbox 1664 285 1746 313; x_wconf 78' lang='lat' dir='ltr'>xiv.</span> 
     </span>
    </p>
   </div>
   <div class='ocr_carea' id='block_1_2' title="bbox 200 394 1900 1086">
    <p class='ocr_par' dir='ltr' id='par_1_2' title="bbox 426 394 1900 1016">
     <span class='ocr_line' id='line_1_2' title="bbox 426 394 1900 452; baseline -0.005 -12"><span class='ocrx_word' id='word_1_7' title='bbox 426 402 626 441; x_wconf 76' lang='lat' dir='ltr'>habentes</span> <span class='ocrx_word' id='word_1_8' title='bbox 649 410 875 452; x_wconf 82' lang='lat' dir='ltr'>utrumque</span> <span class='ocrx_word' id='word_1_9' title='bbox 899 398 1101 451; x_wconf 78' lang='lat' dir='ltr'>gladium.</span> <span class='ocrx_word' id='word_1_10' title='bbox 1127 397 1194 436; x_wconf 86' lang='lat' dir='ltr'>Sic</span> <span class='ocrx_word' id='word_1_11' title='bbox 1220 396 1334 436; x_wconf 87' lang='lat' dir='ltr'>enim</span> <span class='ocrx_word' id='word_1_12' title='bbox 1356 395 1507 449; x_wconf 88' lang='lat' dir='ltr'>legitur</span> <span class='ocrx_word' id='word_1_13' title='bbox 1530 394 1748 447; x_wconf 88' lang='lat' dir='ltr'>apostolos</span> <span class='ocrx_word' id='word_1_14' title='bbox 1767 406 1846 449; x_wconf 69' lang='lat'>173⁰</span> <span class='ocrx_word' id='word_1_15' title='bbox 1867 405 1900 438; x_wconf 79' lang='lat' dir='ltr'>L</span> 
     </span>
     <span class='ocr_line' id='line_1_3' title="bbox 426 465 1749 523; baseline -0.006 -12"><span class='ocrx_word' id='word_1_16' title='bbox 426 471 621 511; x_wconf 90' lang='lat' dir='ltr'>habuisse</span> <span class='ocrx_word' id='word_1_17' title='bbox 667 480 858 523; x_wconf 89' lang='lat' dir='ltr'>tempore</span> <span class='ocrx_word' id='word_1_18' title='bbox 908 467 1120 522; x_wconf 85' lang='lat' dir='ltr'>capcionis</span> <span class='ocrx_word' id='word_1_19' title='bbox 1154 466 1308 507; x_wconf 79' lang='lat' dir='ltr'>Christi</span> <span class='ocrx_word' id='word_1_20' title='bbox 1356 467 1463 506; x_wconf 88' lang='lat' dir='ltr'>duos</span> <span class='ocrx_word' id='word_1_21' title='bbox 1495 465 1671 518; x_wconf 81' lang='lat' dir='ltr'>gladios,</span> <span class='ocrx_word' id='word_1_22' title='bbox 1710 473 1749 504; x_wconf 93' lang='lat' dir='ltr'>et</span> 
     </span>
     <span class='ocr_line' id='line_1_4' title="bbox 427 536 1749 594; baseline -0.005 -13"><span class='ocrx_word' id='word_1_23' title='bbox 427 543 551 581; x_wconf 90' lang='lat' dir='ltr'>Petro</span> <span class='ocrx_word' id='word_1_24' title='bbox 581 540 771 594; x_wconf 83' lang='lat' dir='ltr'>precepit</span> <span class='ocrx_word' id='word_1_25' title='bbox 805 539 998 579; x_wconf 89' lang='lat' dir='ltr'>Christus</span> <span class='ocrx_word' id='word_1_26' title='bbox 1032 538 1147 591; x_wconf 79' lang='lat' dir='ltr'>quod</span> <span class='ocrx_word' id='word_1_27' title='bbox 1181 546 1358 590; x_wconf 87' lang='lat' dir='ltr'>poneret</span> <span class='ocrx_word' id='word_1_28' title='bbox 1395 536 1583 590; x_wconf 81' lang='lat' dir='ltr'>gladium</span> <span class='ocrx_word' id='word_1_29' title='bbox 1623 548 1749 574; x_wconf 91' lang='lat' dir='ltr'>suum</span> 
     </span>
     <span class='ocr_line' id='line_1_5' title="bbox 427 605 1749 664; baseline -0.004 -15"><span class='ocrx_word' id='word_1_30' title='bbox 427 612 468 651; x_wconf 90' lang='lat' dir='ltr'>in</span> <span class='ocrx_word' id='word_1_31' title='bbox 514 611 723 664; x_wconf 71' lang='lat' dir='ltr'>vaginam.</span> <span class='ocrx_word' id='word_1_32' title='bbox 771 611 831 649; x_wconf 84' lang='lat' dir='ltr'>Ex</span> <span class='ocrx_word' id='word_1_33' title='bbox 876 623 962 663; x_wconf 85' lang='lat' dir='ltr'>quo</span> <span class='ocrx_word' id='word_1_34' title='bbox 1010 609 1138 648; x_wconf 85' lang='lat' dir='ltr'>verbo</span> <span class='ocrx_word' id='word_1_35' title='bbox 1183 607 1373 647; x_wconf 82' lang='lat' dir='ltr'>innuitur</span> <span class='ocrx_word' id='word_1_36' title='bbox 1418 606 1535 659; x_wconf 86' lang='lat' dir='ltr'>quod</span> <span class='ocrx_word' id='word_1_37' title='bbox 1575 605 1749 645; x_wconf 86' lang='lat' dir='ltr'>ecclesia</span> 
     </span>
     <span class='ocr_line' id='line_1_6' title="bbox 429 677 1783 728; baseline -0.006 -7"><span class='ocrx_word' id='word_1_38' title='bbox 429 681 583 722; x_wconf 78' lang='lat' dir='ltr'>Christi</span> <span class='ocrx_word' id='word_1_39' title='bbox 630 690 668 720; x_wconf 89' lang='lat' dir='ltr'>et</span> <span class='ocrx_word' id='word_1_40' title='bbox 712 680 904 719; x_wconf 81' lang='lat' dir='ltr'>navicula</span> <span class='ocrx_word' id='word_1_41' title='bbox 955 679 1064 718; x_wconf 90' lang='lat' dir='ltr'>Petri</span> <span class='ocrx_word' id='word_1_42' title='bbox 1111 678 1264 717; x_wconf 89' lang='lat' dir='ltr'>debent</span> <span class='ocrx_word' id='word_1_43' title='bbox 1316 677 1466 715; x_wconf 86' lang='lat' dir='ltr'>habere</span> <span class='ocrx_word' id='word_1_44' title='bbox 1520 684 1783 728; x_wconf 71' lang='lat' dir='ltr'>utrumquef,</span> 
     </span>
     <span class='ocr_line' id='line_1_7' title="bbox 428 745 1751 806; baseline -0.005 -15"><span class='ocrx_word' id='word_1_45' title='bbox 428 752 633 806; x_wconf 76' lang='lat' dir='ltr'>gladium,</span> <span class='ocrx_word' id='word_1_46' title='bbox 669 760 713 790; x_wconf 89' lang='lat' dir='ltr'>ut</span> <span class='ocrx_word' id='word_1_47' title='bbox 747 759 865 790; x_wconf 89' lang='lat' dir='ltr'>notat</span> <span class='ocrx_word' id='word_1_48' title='bbox 898 751 1042 789; x_wconf 90' lang='lat' dir='ltr'>beatus</span> <span class='ocrx_word' id='word_1_49' title='bbox 1077 749 1312 788; x_wconf 81' lang='lat' dir='ltr'>Bernardus</span> <span class='ocrx_word' id='word_1_50' title='bbox 1346 756 1385 786; x_wconf 93' lang='lat' dir='ltr'>et</span> <span class='ocrx_word' id='word_1_51' title='bbox 1419 746 1629 799; x_wconf 82' lang='lat' dir='ltr'>quotlibet</span> <span class='ocrx_word' id='word_1_52' title='bbox 1660 745 1751 785; x_wconf 86' lang='lat' dir='ltr'>iura</span> 
     </span>
     <span class='ocr_line' id='line_1_8' title="bbox 429 816 1752 862; baseline -0.005 -1"><span class='ocrx_word' id='word_1_53' title='bbox 429 822 631 862; x_wconf 86' lang='lat' dir='ltr'>canonica</span> <span class='ocrx_word' id='word_1_54' title='bbox 663 835 760 860; x_wconf 90' lang='lat' dir='ltr'>cum</span> <span class='ocrx_word' id='word_1_55' title='bbox 795 819 1112 860; x_wconf 84' lang='lat' dir='ltr'>concordanciis</span> <span class='ocrx_word' id='word_1_56' title='bbox 1145 820 1383 858; x_wconf 87' lang='lat' dir='ltr'>doctorum.</span> <span class='ocrx_word' id='word_1_57' title='bbox 1411 818 1462 856; x_wconf 85' lang='lat' dir='ltr'>Et</span> <span class='ocrx_word' id='word_1_58' title='bbox 1486 816 1565 856; x_wconf 90' lang='lat' dir='ltr'>hoc</span> <span class='ocrx_word' id='word_1_59' title='bbox 1588 816 1752 855; x_wconf 82' lang='lat' dir='ltr'>videtur</span> 
     </span>
     <span class='ocr_line' id='line_1_9' title="bbox 429 885 1749 941; baseline -0.006 -9"><span class='ocrx_word' id='word_1_60' title='bbox 429 894 599 932; x_wconf 87' lang='lat' dir='ltr'>beatum</span> <span class='ocrx_word' id='word_1_61' title='bbox 632 893 804 931; x_wconf 89' lang='lat' dir='ltr'>Petrum</span> <span class='ocrx_word' id='word_1_62' title='bbox 837 891 1011 930; x_wconf 89' lang='lat' dir='ltr'>innuere</span> <span class='ocrx_word' id='word_1_63' title='bbox 1045 890 1079 929; x_wconf 69' lang='grc' dir='ltr'>Ι’ιι</span> <span class='ocrx_word' id='word_1_64' title='bbox 1110 889 1217 929; x_wconf 86' lang='lat' dir='ltr'>Petri</span> <span class='ocrx_word' id='word_1_65' title='bbox 1253 889 1321 940; x_wconf 80' lang='lat'>110,</span> <span class='ocrx_word' id='word_1_66' title='bbox 1357 902 1394 941; x_wconf 69' lang='grc' dir='ltr'>ς),</span> <span class='ocrx_word' id='word_1_67' title='bbox 1427 888 1600 941; x_wconf 81' lang='lat' dir='ltr'>quando</span> <span class='ocrx_word' id='word_1_68' title='bbox 1633 885 1749 925; x_wconf 85' lang='lat' dir='ltr'>dicit:</span> 
     </span>
     <span class='ocr_line' id='line_1_10' title="bbox 437 959 1670 1016; baseline -0.006 -13"><span class='ocrx_word' id='word_1_69' title='bbox 437 965 514 1003; x_wconf 72' lang='lat' dir='ltr'>Vos</span> <span class='ocrx_word' id='word_1_70' title='bbox 547 963 644 1002; x_wconf 76' lang='lat' dir='ltr'>estis</span> <span class='ocrx_word' id='word_1_71' title='bbox 675 975 818 1016; x_wconf 78' lang='lat' dir='ltr'>genus</span> <span class='ocrx_word' id='word_1_72' title='bbox 850 962 1046 1012; x_wconf 70' lang='lat' dir='ltr'>electum,</span> <span class='ocrx_word' id='word_1_73' title='bbox 1081 961 1230 1014; x_wconf 75' lang='lat' dir='ltr'>regale</span> <span class='ocrx_word' id='word_1_74' title='bbox 1263 959 1561 999; x_wconf 76' lang='lat' dir='ltr'>sacerdocium</span> <span class='ocrx_word' id='word_1_75' title='bbox 1595 964 1670 996; x_wconf 83' lang='lat' dir='ltr'>etc.</span> 
     </span>
    </p>

    <p class='ocr_par' dir='ltr' id='par_1_3' title="bbox 200 1028 1809 1086">
     <span class='ocr_line' id='line_1_11' title="bbox 200 1028 1809 1086; baseline -0.006 -12"><span class='ocrx_word' id='word_1_76' title='bbox 200 1043 349 1070; x_wconf 73' lang='lat' dir='ltr'>Answer:</span> <span class='ocrx_word' id='word_1_77' title='bbox 488 1033 566 1073; x_wconf 88' lang='lat' dir='ltr'>Hic</span> <span class='ocrx_word' id='word_1_78' title='bbox 626 1033 866 1086; x_wconf 83' lang='lat' dir='ltr'>respondeo</span> <span class='ocrx_word' id='word_1_79' title='bbox 927 1031 1200 1071; x_wconf 86' lang='lat' dir='ltr'>concedendo</span> <span class='ocrx_word' id='word_1_80' title='bbox 1252 1029 1472 1079; x_wconf 81' lang='lat' dir='ltr'>maiorem,</span> <span class='ocrx_word' id='word_1_81' title='bbox 1525 1028 1596 1067; x_wconf 89' lang='lat' dir='ltr'>sed</span> <span class='ocrx_word' id='word_1_82' title='bbox 1642 1041 1750 1079; x_wconf 87' lang='lat' dir='ltr'>nego</span> <span class='ocrx_word' id='word_1_83' title='bbox 1772 1049 1809 1070; x_wconf 84' lang='lat'>10</span> 
     </span>
    </p>
   </div>
   <div class='ocr_carea' id='block_1_3' title="bbox 136 1078 1752 1156">
    <p class='ocr_par' dir='ltr' id='par_1_4' title="bbox 136 1078 1752 1156">
     <span class='ocr_line' id='line_1_12' title="bbox 136 1078 1752 1156; baseline -0.007 -10"><span class='ocrx_word' id='word_1_84' title='bbox 136 1078 411 1149; x_wconf 39' lang='lat' dir='ltr'>sigistiirii‘thiic‘lidl1c</span> <span class='ocrx_word' id='word_1_85' title='bbox 429 1105 640 1143; x_wconf 84' lang='lat' dir='ltr'>minorem</span> <span class='ocrx_word' id='word_1_86' title='bbox 674 1112 895 1156; x_wconf 79' lang='lat' dir='ltr'>tamquam</span> <span class='ocrx_word' id='word_1_87' title='bbox 930 1115 1097 1141; x_wconf 89' lang='lat' dir='ltr'>summe</span> <span class='ocrx_word' id='word_1_88' title='bbox 1130 1100 1370 1140; x_wconf 79' lang='lat' dir='ltr'>hereticam.</span> <span class='ocrx_word' id='word_1_89' title='bbox 1406 1098 1599 1139; x_wconf 80' lang='lat' dir='ltr'>Christus</span> <span class='ocrx_word' id='word_1_90' title='bbox 1638 1096 1752 1136; x_wconf 90' lang='lat' dir='ltr'>enim</span> 
     </span>
    </p>
   </div>
   <div class='ocr_carea' id='block_1_4' title="bbox 139 1149 1814 2351">
    <p class='ocr_par' dir='ltr' id='par_1_5' title="bbox 139 1149 1814 2351">
     <span class='ocr_line' id='line_1_13' title="bbox 139 1149 1752 1225; baseline -0.007 -9"><span class='ocrx_word' id='word_1_91' title='bbox 139 1149 190 1176; x_wconf 64' lang='lat' dir='ltr'>ma</span> <span class='ocrx_word' id='word_1_92' title='bbox 217 1154 362 1210; x_wconf 43' lang='grc' dir='ltr'>Ιξέῐέῗη</span> <span class='ocrx_word' id='word_1_93' title='bbox 383 1153 413 1175; x_wconf 62' lang='grc' dir='ltr'>ω</span> <span class='ocrx_word' id='word_1_94' title='bbox 429 1174 577 1214; x_wconf 84' lang='lat' dir='ltr'>habuit</span> <span class='ocrx_word' id='word_1_95' title='bbox 610 1173 855 1212; x_wconf 88' lang='lat' dir='ltr'>humanitus</span> <span class='ocrx_word' id='word_1_96' title='bbox 888 1172 952 1211; x_wconf 91' lang='lat' dir='ltr'>ius</span> <span class='ocrx_word' id='word_1_97' title='bbox 985 1169 1319 1225; x_wconf 85' lang='lat' dir='ltr'>primogeniture</span> <span class='ocrx_word' id='word_1_98' title='bbox 1352 1168 1525 1209; x_wconf 90' lang='lat' dir='ltr'>nomine</span> <span class='ocrx_word' id='word_1_99' title='bbox 1558 1168 1752 1218; x_wconf 88' lang='lat' dir='ltr'>redemp-</span> 
     </span>
     <span class='ocr_line' id='line_1_14' title="bbox 430 1236 1753 1296; baseline -0.007 -12"><span class='ocrx_word' id='word_1_100' title='bbox 430 1245 530 1285; x_wconf 83' lang='lat' dir='ltr'>toris</span> <span class='ocrx_word' id='word_1_101' title='bbox 590 1243 766 1283; x_wconf 86' lang='lat' dir='ltr'>humani</span> <span class='ocrx_word' id='word_1_102' title='bbox 811 1241 973 1296; x_wconf 89' lang='lat' dir='ltr'>generis</span> <span class='ocrx_word' id='word_1_103' title='bbox 1022 1250 1062 1281; x_wconf 93' lang='lat' dir='ltr'>et</span> <span class='ocrx_word' id='word_1_104' title='bbox 1106 1240 1279 1280; x_wconf 88' lang='lat' dir='ltr'>nomine</span> <span class='ocrx_word' id='word_1_105' title='bbox 1325 1239 1472 1292; x_wconf 90' lang='lat' dir='ltr'>capitis</span> <span class='ocrx_word' id='word_1_106' title='bbox 1511 1236 1753 1278; x_wconf 84' lang='lat' dir='ltr'>universalis</span> 
     </span>
     <span class='ocr_line' id='line_1_15' title="bbox 431 1308 1754 1365; baseline -0.007 -10"><span class='ocrx_word' id='word_1_107' title='bbox 431 1314 601 1355; x_wconf 82' lang='lat' dir='ltr'>ecclesie</span> <span class='ocrx_word' id='word_1_108' title='bbox 635 1328 733 1353; x_wconf 90' lang='lat' dir='ltr'>cum</span> <span class='ocrx_word' id='word_1_109' title='bbox 772 1313 915 1353; x_wconf 89' lang='lat' dir='ltr'>multis</span> <span class='ocrx_word' id='word_1_110' title='bbox 954 1312 1043 1351; x_wconf 88' lang='lat' dir='ltr'>aliis</span> <span class='ocrx_word' id='word_1_111' title='bbox 1085 1311 1366 1365; x_wconf 80' lang='lat' dir='ltr'>singularibus</span> <span class='ocrx_word' id='word_1_112' title='bbox 1400 1308 1637 1363; x_wconf 84' lang='lat' dir='ltr'>privilegiis,</span> <span class='ocrx_word' id='word_1_113' title='bbox 1671 1320 1754 1360; x_wconf 88' lang='lat' dir='ltr'>que</span> 
     </span>
     <span class='ocr_line' id='line_1_16' title="bbox 432 1377 1811 1439; baseline -0.007 -14"><span class='ocrx_word' id='word_1_114' title='bbox 432 1400 507 1426; x_wconf 91' lang='lat' dir='ltr'>nec</span> <span class='ocrx_word' id='word_1_115' title='bbox 541 1394 698 1439; x_wconf 82' lang='lat' dir='ltr'>quanta</span> <span class='ocrx_word' id='word_1_116' title='bbox 732 1384 871 1437; x_wconf 87' lang='lat' dir='ltr'>potuit</span> <span class='ocrx_word' id='word_1_117' title='bbox 904 1383 1035 1423; x_wconf 91' lang='lat' dir='ltr'>facere</span> <span class='ocrx_word' id='word_1_118' title='bbox 1059 1382 1194 1421; x_wconf 88' lang='lat' dir='ltr'>inesse</span> <span class='ocrx_word' id='word_1_119' title='bbox 1218 1382 1340 1420; x_wconf 87' lang='lat' dir='ltr'>Petro</span> <span class='ocrx_word' id='word_1_120' title='bbox 1364 1379 1430 1419; x_wconf 68' lang='lat' dir='ltr'>vel</span> <span class='ocrx_word' id='word_1_121' title='bbox 1452 1379 1575 1419; x_wconf 89' lang='lat' dir='ltr'>alicui</span> <span class='ocrx_word' id='word_1_122' title='bbox 1597 1377 1753 1417; x_wconf 74' lang='lat' dir='ltr'>vicario</span> <span class='ocrx_word' id='word_1_123' title='bbox 1775 1389 1811 1422; x_wconf 83' lang='lat'>15</span> 
     </span>
     <span class='ocr_line' id='line_1_17' title="bbox 431 1448 1753 1505; baseline -0.005 -9"><span class='ocrx_word' id='word_1_124' title='bbox 431 1455 586 1496; x_wconf 87' lang='lat' dir='ltr'>Christi</span> <span class='ocrx_word' id='word_1_125' title='bbox 622 1455 863 1505; x_wconf 82' lang='lat' dir='ltr'>formaliter,</span> <span class='ocrx_word' id='word_1_126' title='bbox 897 1454 1004 1493; x_wconf 89' lang='lat' dir='ltr'>sicut</span> <span class='ocrx_word' id='word_1_127' title='bbox 1039 1452 1304 1505; x_wconf 80' lang='lat' dir='ltr'>Augustinus</span> <span class='ocrx_word' id='word_1_128' title='bbox 1337 1450 1479 1490; x_wconf 80' lang='lat' dir='ltr'>recitat</span> <span class='ocrx_word' id='word_1_129' title='bbox 1501 1463 1627 1502; x_wconf 86' lang='lat' dir='ltr'>super</span> <span class='ocrx_word' id='word_1_130' title='bbox 1647 1448 1753 1496; x_wconf 84' lang='lat' dir='ltr'>Joh.,</span> 
     </span>
     <span class='ocr_line' id='line_1_18' title="bbox 430 1520 1752 1576; baseline -0.008 -9"><span class='ocrx_word' id='word_1_131' title='bbox 430 1527 597 1567; x_wconf 89' lang='lat' dir='ltr'>Omelia</span> <span class='ocrx_word' id='word_1_132' title='bbox 639 1527 725 1568; x_wconf 57' lang='lat' dir='ltr'>Via.</span> <span class='ocrx_word' id='word_1_133' title='bbox 779 1527 1083 1566; x_wconf 72' lang='lat' dir='ltr'>Verumtamen</span> <span class='ocrx_word' id='word_1_134' title='bbox 1128 1522 1393 1576; x_wconf 79' lang='lat' dir='ltr'>Augustinus</span> <span class='ocrx_word' id='word_1_135' title='bbox 1438 1520 1584 1560; x_wconf 85' lang='lat' dir='ltr'>recitat</span> <span class='ocrx_word' id='word_1_136' title='bbox 1626 1532 1752 1572; x_wconf 91' lang='lat' dir='ltr'>super</span> 
     </span>
     <span class='ocr_line' id='line_1_19' title="bbox 428 1590 1750 1649; baseline -0.008 -12"><span class='ocrx_word' id='word_1_137' title='bbox 428 1597 535 1649; x_wconf 58' lang='lat' dir='ltr'>Joh„</span> <span class='ocrx_word' id='word_1_138' title='bbox 570 1597 737 1637; x_wconf 86' lang='lat' dir='ltr'>Omelia</span> <span class='ocrx_word' id='word_1_139' title='bbox 760 1597 827 1645; x_wconf 57' lang='lat' dir='ltr'>Va,</span> <span class='ocrx_word' id='word_1_140' title='bbox 864 1594 1056 1635; x_wconf 90' lang='lat' dir='ltr'>Christus</span> <span class='ocrx_word' id='word_1_141' title='bbox 1089 1593 1228 1646; x_wconf 90' lang='lat' dir='ltr'>potuit</span> <span class='ocrx_word' id='word_1_142' title='bbox 1252 1590 1590 1632; x_wconf 87' lang='lat' dir='ltr'>communicasse</span> <span class='ocrx_word' id='word_1_143' title='bbox 1612 1590 1750 1635; x_wconf 85' lang='lat' dir='ltr'>Petro,</span> 
     </span>
     <span class='ocr_line' id='line_1_20' title="bbox 428 1660 1754 1718; baseline -0.006 -12"><span class='ocrx_word' id='word_1_144' title='bbox 428 1667 608 1707; x_wconf 68' lang='lat' dir='ltr'>johanni</span> <span class='ocrx_word' id='word_1_145' title='bbox 627 1668 690 1706; x_wconf 83' lang='lat' dir='ltr'>vel</span> <span class='ocrx_word' id='word_1_146' title='bbox 714 1666 829 1705; x_wconf 85' lang='lat' dir='ltr'>alteri</span> <span class='ocrx_word' id='word_1_147' title='bbox 847 1674 1112 1718; x_wconf 86' lang='lat' dir='ltr'>potestatem,</span> <span class='ocrx_word' id='word_1_148' title='bbox 1138 1673 1184 1704; x_wconf 90' lang='lat' dir='ltr'>ut</span> <span class='ocrx_word' id='word_1_149' title='bbox 1207 1661 1420 1702; x_wconf 89' lang='lat' dir='ltr'>christiani</span> <span class='ocrx_word' id='word_1_150' title='bbox 1444 1660 1754 1713; x_wconf 83' lang='lat' dir='ltr'>baptizarentur</span> 
     </span>
     <span class='ocr_line' id='line_1_21' title="bbox 432 1729 1814 1787; baseline -0.005 -11"><span class='ocrx_word' id='word_1_151' title='bbox 432 1738 472 1776; x_wconf 89' lang='lat' dir='ltr'>in</span> <span class='ocrx_word' id='word_1_152' title='bbox 506 1737 679 1776; x_wconf 88' lang='lat' dir='ltr'>nomine</span> <span class='ocrx_word' id='word_1_153' title='bbox 714 1749 875 1787; x_wconf 74' lang='lat' dir='ltr'>eorum,</span> <span class='ocrx_word' id='word_1_154' title='bbox 915 1735 948 1774; x_wconf 91' lang='lat' dir='ltr'>si</span> <span class='ocrx_word' id='word_1_155' title='bbox 981 1734 1037 1774; x_wconf 90' lang='lat' dir='ltr'>sic</span> <span class='ocrx_word' id='word_1_156' title='bbox 1071 1733 1284 1784; x_wconf 70' lang='lat' dir='ltr'>voluisset,</span> <span class='ocrx_word' id='word_1_157' title='bbox 1319 1732 1389 1770; x_wconf 90' lang='lat' dir='ltr'>sed</span> <span class='ocrx_word' id='word_1_158' title='bbox 1413 1745 1487 1770; x_wconf 88' lang='lat' dir='ltr'>nec</span> <span class='ocrx_word' id='word_1_159' title='bbox 1511 1729 1646 1769; x_wconf 73' lang='lat' dir='ltr'>voluit</span> <span class='ocrx_word' id='word_1_160' title='bbox 1678 1742 1753 1768; x_wconf 87' lang='lat' dir='ltr'>nec</span> <span class='ocrx_word' id='word_1_161' title='bbox 1774 1750 1814 1770; x_wconf 82' lang='lat'>20</span> 
     </span>
     <span class='ocr_line' id='line_1_22' title="bbox 431 1799 1754 1860; baseline -0.007 -13"><span class='ocrx_word' id='word_1_162' title='bbox 431 1808 587 1857; x_wconf 83' lang='lat' dir='ltr'>docuit,</span> <span class='ocrx_word' id='word_1_163' title='bbox 628 1807 742 1860; x_wconf 79' lang='lat' dir='ltr'>quod</span> <span class='ocrx_word' id='word_1_164' title='bbox 791 1805 978 1858; x_wconf 83' lang='lat' dir='ltr'>implicat</span> <span class='ocrx_word' id='word_1_165' title='bbox 1021 1805 1138 1858; x_wconf 82' lang='lat' dir='ltr'>quod</span> <span class='ocrx_word' id='word_1_166' title='bbox 1172 1818 1258 1842; x_wconf 89' lang='lat' dir='ltr'>non</span> <span class='ocrx_word' id='word_1_167' title='bbox 1291 1803 1348 1842; x_wconf 86' lang='lat' dir='ltr'>sic</span> <span class='ocrx_word' id='word_1_168' title='bbox 1382 1801 1521 1854; x_wconf 90' lang='lat' dir='ltr'>potuit</span> <span class='ocrx_word' id='word_1_169' title='bbox 1559 1799 1754 1840; x_wconf 84' lang='lat' dir='ltr'>voluisse.</span> 
     </span>
     <span class='ocr_line' id='line_1_23' title="bbox 489 1871 1753 1929; baseline -0.007 -12"><span class='ocrx_word' id='word_1_170' title='bbox 489 1879 569 1918; x_wconf 79' lang='lat' dir='ltr'>Sed</span> <span class='ocrx_word' id='word_1_171' title='bbox 616 1877 789 1917; x_wconf 86' lang='lat' dir='ltr'>ulterius</span> <span class='ocrx_word' id='word_1_172' title='bbox 839 1876 1027 1915; x_wconf 90' lang='lat' dir='ltr'>concedo</span> <span class='ocrx_word' id='word_1_173' title='bbox 1075 1874 1140 1929; x_wconf 86' lang='lat' dir='ltr'>(ut</span> <span class='ocrx_word' id='word_1_174' title='bbox 1173 1888 1269 1927; x_wconf 88' lang='lat' dir='ltr'>sepe</span> <span class='ocrx_word' id='word_1_175' title='bbox 1293 1872 1410 1927; x_wconf 87' lang='lat' dir='ltr'>alias)</span> <span class='ocrx_word' id='word_1_176' title='bbox 1445 1872 1562 1925; x_wconf 85' lang='lat' dir='ltr'>quod</span> <span class='ocrx_word' id='word_1_177' title='bbox 1595 1871 1753 1910; x_wconf 91' lang='lat' dir='ltr'>nedum</span> 
     </span>
     <span class='ocr_line' id='line_1_24' title="bbox 432 1941 1753 1995; baseline -0.007 -8"><span class='ocrx_word' id='word_1_178' title='bbox 432 1948 604 1987; x_wconf 84' lang='lat' dir='ltr'>ecclesia</span> <span class='ocrx_word' id='word_1_179' title='bbox 649 1947 720 1986; x_wconf 89' lang='lat' dir='ltr'>sed</span> <span class='ocrx_word' id='word_1_180' title='bbox 767 1947 900 1986; x_wconf 87' lang='lat' dir='ltr'>clerus</span> <span class='ocrx_word' id='word_1_181' title='bbox 934 1945 1087 1986; x_wconf 85' lang='lat' dir='ltr'>Christi</span> <span class='ocrx_word' id='word_1_182' title='bbox 1134 1945 1258 1984; x_wconf 84' lang='lat' dir='ltr'>habet</span> <span class='ocrx_word' id='word_1_183' title='bbox 1290 1953 1519 1995; x_wconf 85' lang='lat' dir='ltr'>utrumque</span> <span class='ocrx_word' id='word_1_184' title='bbox 1551 1941 1753 1995; x_wconf 80' lang='lat' dir='ltr'>gladium.</span> 
     </span>
     <span class='ocr_line' id='line_1_25' title="bbox 434 2011 1756 2071; baseline -0.007 -13"><span class='ocrx_word' id='word_1_185' title='bbox 434 2018 618 2058; x_wconf 84' lang='lat' dir='ltr'>Ecclesia</span> <span class='ocrx_word' id='word_1_186' title='bbox 641 2018 816 2071; x_wconf 83' lang='lat' dir='ltr'>quidem</span> <span class='ocrx_word' id='word_1_187' title='bbox 839 2031 937 2057; x_wconf 90' lang='lat' dir='ltr'>cum</span> <span class='ocrx_word' id='word_1_188' title='bbox 960 2016 1109 2056; x_wconf 88' lang='lat' dir='ltr'>habeat</span> <span class='ocrx_word' id='word_1_189' title='bbox 1128 2017 1230 2055; x_wconf 90' lang='lat' dir='ltr'>duas</span> <span class='ocrx_word' id='word_1_190' title='bbox 1246 2023 1395 2067; x_wconf 88' lang='lat' dir='ltr'>partes,</span> <span class='ocrx_word' id='word_1_191' title='bbox 1422 2012 1576 2052; x_wconf 87' lang='lat' dir='ltr'>scilicet</span> <span class='ocrx_word' id='word_1_192' title='bbox 1598 2011 1756 2050; x_wconf 89' lang='lat' dir='ltr'>clerum</span> 
     </span>
     <span class='ocr_line' id='line_1_26' title="bbox 432 2081 1813 2142; baseline -0.004 -14"><span class='ocrx_word' id='word_1_193' title='bbox 432 2099 471 2128; x_wconf 91' lang='lat' dir='ltr'>et</span> <span class='ocrx_word' id='word_1_194' title='bbox 493 2089 648 2142; x_wconf 69' lang='lat' dir='ltr'>laycos,</span> <span class='ocrx_word' id='word_1_195' title='bbox 682 2101 862 2141; x_wconf 85' lang='lat' dir='ltr'>quarum</span> <span class='ocrx_word' id='word_1_196' title='bbox 886 2087 1000 2140; x_wconf 89' lang='lat' dir='ltr'>prior</span> <span class='ocrx_word' id='word_1_197' title='bbox 1022 2100 1116 2139; x_wconf 84' lang='lat' dir='ltr'>pars</span> <span class='ocrx_word' id='word_1_198' title='bbox 1138 2085 1263 2124; x_wconf 88' lang='lat' dir='ltr'>habet</span> <span class='ocrx_word' id='word_1_199' title='bbox 1286 2083 1473 2137; x_wconf 75' lang='lat' dir='ltr'>gladium</span> <span class='ocrx_word' id='word_1_200' title='bbox 1497 2081 1755 2135; x_wconf 87' lang='lat' dir='ltr'>spiritualem</span> <span class='ocrx_word' id='word_1_201' title='bbox 1773 2090 1813 2122; x_wconf 73' lang='lat'>25</span> 
     </span>
     <span class='ocr_line' id='line_1_27' title="bbox 434 2150 1756 2209; baseline -0.007 -12"><span class='ocrx_word' id='word_1_202' title='bbox 434 2159 475 2197; x_wconf 91' lang='lat' dir='ltr'>in</span> <span class='ocrx_word' id='word_1_203' title='bbox 509 2173 549 2197; x_wconf 88' lang='lat' dir='ltr'>se</span> <span class='ocrx_word' id='word_1_204' title='bbox 584 2157 813 2197; x_wconf 85' lang='lat' dir='ltr'>formaliter</span> <span class='ocrx_word' id='word_1_205' title='bbox 846 2166 884 2196; x_wconf 92' lang='lat' dir='ltr'>et</span> <span class='ocrx_word' id='word_1_206' title='bbox 928 2169 1022 2209; x_wconf 87' lang='lat' dir='ltr'>pars</span> <span class='ocrx_word' id='word_1_207' title='bbox 1054 2155 1222 2209; x_wconf 79' lang='lat' dir='ltr'>laycalis</span> <span class='ocrx_word' id='word_1_208' title='bbox 1267 2154 1502 2193; x_wconf 88' lang='lat' dir='ltr'>secundum</span> <span class='ocrx_word' id='word_1_209' title='bbox 1548 2150 1756 2204; x_wconf 84' lang='lat' dir='ltr'>principes</span> 
     </span>
     <span class='ocr_line' id='line_1_28' title="bbox 433 2222 1656 2281; baseline -0.007 -14"><span class='ocrx_word' id='word_1_210' title='bbox 433 2228 557 2268; x_wconf 88' lang='lat' dir='ltr'>seculi</span> <span class='ocrx_word' id='word_1_211' title='bbox 592 2228 716 2268; x_wconf 87' lang='lat' dir='ltr'>habet</span> <span class='ocrx_word' id='word_1_212' title='bbox 748 2226 936 2281; x_wconf 82' lang='lat' dir='ltr'>gladium</span> <span class='ocrx_word' id='word_1_213' title='bbox 970 2226 1233 2279; x_wconf 86' lang='lat' dir='ltr'>corporalem</span> <span class='ocrx_word' id='word_1_214' title='bbox 1265 2224 1305 2262; x_wconf 92' lang='lat' dir='ltr'>in</span> <span class='ocrx_word' id='word_1_215' title='bbox 1340 2238 1381 2263; x_wconf 90' lang='lat' dir='ltr'>se</span> <span class='ocrx_word' id='word_1_216' title='bbox 1415 2222 1656 2262; x_wconf 81' lang='lat' dir='ltr'>formaliter.</span> 
     </span>
     <span class='ocr_line' id='line_1_29' title="bbox 492 2292 1809 2351; baseline -0.005 -13"><span class='ocrx_word' id='word_1_217' title='bbox 492 2298 683 2351; x_wconf 87' lang='lat' dir='ltr'>Intelligo</span> <span class='ocrx_word' id='word_1_218' title='bbox 717 2307 857 2337; x_wconf 88' lang='lat' dir='ltr'>autem</span> <span class='ocrx_word' id='word_1_219' title='bbox 890 2310 964 2349; x_wconf 89' lang='lat' dir='ltr'>per</span> <span class='ocrx_word' id='word_1_220' title='bbox 1004 2305 1233 2348; x_wconf 84' lang='lat' dir='ltr'>utrumque</span> <span class='ocrx_word' id='word_1_221' title='bbox 1267 2294 1454 2347; x_wconf 86' lang='lat' dir='ltr'>gladium</span> <span class='ocrx_word' id='word_1_222' title='bbox 1494 2292 1545 2331; x_wconf 89' lang='lat' dir='ltr'>ad</span> <span class='ocrx_word' id='word_1_223' title='bbox 1585 2299 1809 2331; x_wconf 90' lang='lat' dir='ltr'>sensumM</span> 
     </span>
    </p>
   </div>
   <div class='ocr_carea' id='block_1_5' title="bbox 433 2361 1756 2420">
    <p class='ocr_par' dir='ltr' id='par_1_6' title="bbox 433 2361 1756 2420">
     <span class='ocr_line' id='line_1_30' title="bbox 433 2361 1756 2420; baseline -0.006 -12"><span class='ocrx_word' id='word_1_224' title='bbox 433 2368 645 2408; x_wconf 89' lang='lat' dir='ltr'>misticum</span> <span class='ocrx_word' id='word_1_225' title='bbox 700 2366 941 2420; x_wconf 89' lang='lat' dir='ltr'>potenciam</span> <span class='ocrx_word' id='word_1_226' title='bbox 986 2365 1229 2418; x_wconf 87' lang='lat' dir='ltr'>castigandi,</span> <span class='ocrx_word' id='word_1_227' title='bbox 1282 2364 1468 2417; x_wconf 86' lang='lat' dir='ltr'>priorem</span> <span class='ocrx_word' id='word_1_228' title='bbox 1514 2361 1756 2416; x_wconf 88' lang='lat' dir='ltr'>potenciam</span> 
     </span>
    </p>
   </div>
   <div class='ocr_carea' id='block_1_6' title="bbox 434 2522 1755 2798">
    <p class='ocr_par' dir='ltr' id='par_1_7' title="bbox 434 2522 1755 2798">
     <span class='ocr_line' id='line_1_31' title="bbox 488 2522 1753 2563; baseline -0.006 -7"><span class='ocrx_word' id='word_1_229' title='bbox 488 2538 528 2557; x_wconf 90' lang='lat'>10.</span> <span class='ocrx_word' id='word_1_230' title='bbox 553 2530 578 2557; x_wconf 68' lang='lat' dir='ltr'><strong>A</strong></span> <span class='ocrx_word' id='word_1_231' title='bbox 600 2529 628 2556; x_wconf 85' lang='lat' dir='ltr'>in</span> <span class='ocrx_word' id='word_1_232' title='bbox 653 2537 766 2563; x_wconf 56' lang='lat' dir='ltr'>marg:</span> <span class='ocrx_word' id='word_1_233' title='bbox 788 2528 974 2563; x_wconf 76' lang='lat' dir='ltr'>Responsio.</span> <span class='ocrx_word' id='word_1_234' title='bbox 1085 2533 1123 2553; x_wconf 76' lang='lat'>12.</span> <span class='ocrx_word' id='word_1_235' title='bbox 1145 2526 1185 2553; x_wconf 74' lang='lat' dir='ltr'>B:</span> <span class='ocrx_word' id='word_1_236' title='bbox 1213 2526 1258 2552; x_wconf 82' lang='lat' dir='ltr'>ius</span> <span class='ocrx_word' id='word_1_237' title='bbox 1280 2526 1375 2552; x_wconf 78' lang='lat' dir='ltr'>deest.</span> <span class='ocrx_word' id='word_1_238' title='bbox 1492 2532 1533 2557; x_wconf 71' lang='lat'>14·</span> <span class='ocrx_word' id='word_1_239' title='bbox 1557 2522 1753 2557; x_wconf 69' lang='lat' dir='ltr'>ssinn1arg.:</span> 
     </span>
     <span class='ocr_line' id='line_1_32' title="bbox 434 2569 1754 2611; baseline -0.008 -6"><span class='ocrx_word' id='word_1_240' title='bbox 434 2577 466 2605; x_wconf 63' lang='lat' dir='ltr'>Si</span> <span class='ocrx_word' id='word_1_241' title='bbox 490 2577 632 2604; x_wconf 68' lang='lat' dir='ltr'>Christus</span> <span class='ocrx_word' id='word_1_242' title='bbox 653 2575 758 2603; x_wconf 82' lang='lat' dir='ltr'>habuit</span> <span class='ocrx_word' id='word_1_243' title='bbox 780 2580 965 2611; x_wconf 72' lang='lat' dir='ltr'>potestatem</span> <span class='ocrx_word' id='word_1_244' title='bbox 992 2572 1179 2601; x_wconf 82' lang='lat' dir='ltr'>cohercendi</span> <span class='ocrx_word' id='word_1_245' title='bbox 1207 2572 1348 2600; x_wconf 76' lang='lat' dir='ltr'>homines</span> <span class='ocrx_word' id='word_1_246' title='bbox 1376 2570 1531 2605; x_wconf 81' lang='lat' dir='ltr'>corporali</span> <span class='ocrx_word' id='word_1_247' title='bbox 1556 2569 1679 2597; x_wconf 84' lang='lat' dir='ltr'>racione</span> <span class='ocrx_word' id='word_1_248' title='bbox 1700 2577 1754 2596; x_wconf 83' lang='lat' dir='ltr'>sue</span> 
     </span>
     <span class='ocr_line' id='line_1_33' title="bbox 435 2615 1754 2657; baseline -0.007 -7"><span class='ocrx_word' id='word_1_249' title='bbox 435 2624 560 2657; x_wconf 68' lang='lat' dir='ltr'>rogaho,</span> <span class='ocrx_word' id='word_1_250' title='bbox 599 2623 681 2650; x_wconf 75' lang='lat' dir='ltr'>unde</span> <span class='ocrx_word' id='word_1_251' title='bbox 714 2628 759 2649; x_wconf 80' lang='lat' dir='ltr'>cst</span> <span class='ocrx_word' id='word_1_252' title='bbox 792 2622 875 2657; x_wconf 74' lang='lat' dir='ltr'>quod</span> <span class='ocrx_word' id='word_1_253' title='bbox 910 2622 968 2648; x_wconf 78' lang='lat' dir='ltr'>sibi</span> <span class='ocrx_word' id='word_1_254' title='bbox 1002 2625 1180 2656; x_wconf 62' lang='lat' dir='ltr'>competere</span> <span class='ocrx_word' id='word_1_255' title='bbox 1214 2617 1372 2646; x_wconf 85' lang='lat' dir='ltr'>dominari</span> <span class='ocrx_word' id='word_1_256' title='bbox 1411 2615 1541 2644; x_wconf 77' lang='lat' dir='ltr'>civiliter</span> <span class='ocrx_word' id='word_1_257' title='bbox 1574 2616 1754 2650; x_wconf 65' lang='lat' dir='ltr'>denegatur.</span> 
     </span>
     <span class='ocr_line' id='line_1_34' title="bbox 436 2661 1755 2704; baseline -0.008 -7"><span class='ocrx_word' id='word_1_258' title='bbox 436 2678 477 2697; x_wconf 68' lang='lat'>22.</span> <span class='ocrx_word' id='word_1_259' title='bbox 499 2671 525 2697; x_wconf 70' lang='lat' dir='ltr'>A</span> <span class='ocrx_word' id='word_1_260' title='bbox 550 2670 569 2696; x_wconf 68' lang='lat'>13</span> <span class='ocrx_word' id='word_1_261' title='bbox 591 2669 621 2697; x_wconf 86' lang='lat' dir='ltr'>in</span> <span class='ocrx_word' id='word_1_262' title='bbox 643 2677 758 2704; x_wconf 40' lang='lat' dir='ltr'>marg*</span> <span class='ocrx_word' id='word_1_263' title='bbox 789 2668 868 2696; x_wconf 75' lang='lat' dir='ltr'>Nota</span> <span class='ocrx_word' id='word_1_264' title='bbox 894 2668 1025 2704; x_wconf 80' lang='lat' dir='ltr'>qualiter</span> <span class='ocrx_word' id='word_1_265' title='bbox 1051 2666 1180 2695; x_wconf 78' lang='lat' dir='ltr'>ccclesia</span> <span class='ocrx_word' id='word_1_266' title='bbox 1205 2665 1296 2693; x_wconf 82' lang='lat' dir='ltr'>habet</span> <span class='ocrx_word' id='word_1_267' title='bbox 1323 2664 1402 2692; x_wconf 82' lang='lat' dir='ltr'>duos</span> <span class='ocrx_word' id='word_1_268' title='bbox 1424 2663 1545 2698; x_wconf 78' lang='lat' dir='ltr'>gladios</span> <span class='ocrx_word' id='word_1_269' title='bbox 1572 2663 1628 2696; x_wconf 74' lang='lat' dir='ltr'>(A:</span> <span class='ocrx_word' id='word_1_270' title='bbox 1652 2661 1755 2688; x_wconf 74' lang='lat' dir='ltr'>Belou·</span> 
     </span>
     <span class='ocr_line' id='line_1_35' title="bbox 436 2709 1755 2752; baseline -0.007 -8"><span class='ocrx_word' id='word_1_271' title='bbox 436 2716 497 2752; x_wconf 69' lang='lat'>¹73³</span> <span class='ocrx_word' id='word_1_272' title='bbox 518 2717 647 2743; x_wconf 83' lang='lat' dir='ltr'>without</span> <span class='ocrx_word' id='word_1_273' title='bbox 669 2716 755 2743; x_wconf 68' lang='lat' dir='ltr'>marl&lt;</span> <span class='ocrx_word' id='word_1_274' title='bbox 776 2715 810 2742; x_wconf 82' lang='lat' dir='ltr'>os</span> <span class='ocrx_word' id='word_1_275' title='bbox 823 2715 1003 2749; x_wconf 71' lang='lat' dir='ltr'>reference).</span> <span class='ocrx_word' id='word_1_276' title='bbox 1149 2713 1193 2740; x_wconf 64' lang='lat'>28.</span> <span class='ocrx_word' id='word_1_277' title='bbox 1216 2712 1237 2739; x_wconf 72' lang='grc' dir='ltr'><strong>Β</strong></span> <span class='ocrx_word' id='word_1_278' title='bbox 1259 2712 1288 2739; x_wconf 92' lang='lat' dir='ltr'>in</span> <span class='ocrx_word' id='word_1_279' title='bbox 1306 2720 1423 2746; x_wconf 44' lang='lat' dir='ltr'>marga</span> <span class='ocrx_word' id='word_1_280' title='bbox 1446 2710 1529 2746; x_wconf 85' lang='lat' dir='ltr'>Quid</span> <span class='ocrx_word' id='word_1_281' title='bbox 1551 2710 1674 2744; x_wconf 64' lang='lat' dir='ltr'>signant</span> <span class='ocrx_word' id='word_1_282' title='bbox 1695 2709 1755 2736; x_wconf 88' lang='lat' dir='ltr'>duo</span> 
     </span>
     <span class='ocr_line' id='line_1_36' title="bbox 435 2758 1514 2798; baseline -0.006 -7"><span class='ocrx_word' id='word_1_283' title='bbox 435 2763 528 2798; x_wconf 78' lang='lat' dir='ltr'>gladii</span> <span class='ocrx_word' id='word_1_284' title='bbox 550 2763 689 2791; x_wconf 80' lang='lat' dir='ltr'>ecclesie.</span> <span class='ocrx_word' id='word_1_285' title='bbox 730 2762 767 2789; x_wconf 70' lang='lat'>15:</span> <span class='ocrx_word' id='word_1_286' title='bbox 790 2762 827 2790; x_wconf 78' lang='lat' dir='ltr'>ad</span> <span class='ocrx_word' id='word_1_287' title='bbox 850 2769 976 2789; x_wconf 82' lang='lat' dir='ltr'>sensum</span> <span class='ocrx_word' id='word_1_288' title='bbox 997 2777 1029 2781; x_wconf 96' lang='lat'>—</span> <span class='ocrx_word' id='word_1_289' title='bbox 1050 2760 1187 2796; x_wconf 81' lang='lat' dir='ltr'>gladium</span> <span class='ocrx_word' id='word_1_290' title='bbox 1210 2763 1395 2796; x_wconf 85' lang='lat' dir='ltr'>potestatem</span> <span class='ocrx_word' id='word_1_291' title='bbox 1419 2758 1514 2785; x_wconf 77' lang='lat' dir='ltr'>deest.</span> 
     </span>
    </p>
   </div>
   <div class='ocr_carea' id='block_1_7' title="bbox 436 2863 1757 2972">
    <p class='ocr_par' dir='ltr' id='par_1_8' title="bbox 436 2863 1757 2972">
     <span class='ocr_line' id='line_1_37' title="bbox 502 2863 1757 2913; baseline -0.007 -10"><span class='ocrx_word' id='word_1_292' title='bbox 502 2869 549 2903; x_wconf 82' lang='lat'>18.</span> <span class='ocrx_word' id='word_1_293' title='bbox 577 2872 665 2913; x_wconf 74' lang='lat' dir='ltr'>Aug.</span> <span class='ocrx_word' id='word_1_294' title='bbox 693 2870 730 2902; x_wconf 83' lang='lat' dir='ltr'>ln</span> <span class='ocrx_word' id='word_1_295' title='bbox 754 2869 834 2901; x_wconf 88' lang='lat' dir='ltr'>Joh.</span> <span class='ocrx_word' id='word_1_296' title='bbox 863 2869 924 2901; x_wconf 61' lang='lat' dir='ltr'>Ex:</span> <span class='ocrx_word' id='word_1_297' title='bbox 952 2878 1026 2910; x_wconf 85' lang='lat' dir='ltr'>cap.</span> <span class='ocrx_word' id='word_1_298' title='bbox 1058 2867 1081 2908; x_wconf 94' lang='lat' dir='ltr'>I,</span> <span class='ocrx_word' id='word_1_299' title='bbox 1107 2873 1202 2899; x_wconf 84' lang='lat' dir='ltr'>tract.</span> <span class='ocrx_word' id='word_1_300' title='bbox 1231 2867 1271 2897; x_wconf 88' lang='lat' dir='ltr'>V.</span> <span class='ocrx_word' id='word_1_301' title='bbox 1299 2866 1391 2908; x_wconf 84' lang='lat' dir='ltr'>Opp.</span> <span class='ocrx_word' id='word_1_302' title='bbox 1419 2871 1503 2896; x_wconf 83' lang='lat' dir='ltr'>tom.</span> <span class='ocrx_word' id='word_1_303' title='bbox 1530 2864 1584 2904; x_wconf 83' lang='lat'>111,</span> <span class='ocrx_word' id='word_1_304' title='bbox 1612 2874 1691 2907; x_wconf 84' lang='lat' dir='ltr'>pars</span> <span class='ocrx_word' id='word_1_305' title='bbox 1717 2863 1757 2904; x_wconf 88' lang='lat'>11,</span> 
     </span>
     <span class='ocr_line' id='line_1_38' title="bbox 436 2929 619 2972; baseline -0.005 -11"><span class='ocrx_word' id='word_1_306' title='bbox 436 2940 514 2972; x_wconf 77' lang='lat' dir='ltr'>pag.</span> <span class='ocrx_word' id='word_1_307' title='bbox 544 2929 619 2961; x_wconf 72' lang='lat'>323.</span> 
     </span>
    </p>
   </div>
  </div>
 </body>
</html>
