2045 3312
145 271 226 310 216
871 280 1097 312 JOHANNJS
1124 280 1320 313 WYCLIF.
1582 266 1657 325 [CA
1667 278 1698 306 P.
1720 278 1757 307 x.

433 395 469 427 et
504 387 680 427 verbere
711 386 936 439 discipline
960 387 1212 440 corrigitur,
1245 387 1346 439 quia
1380 386 1439 425 ad
1462 392 1609 426 eterne
1639 387 1893 431 here-158dl

435 458 580 498 ditatis
612 458 927 509 patrimonium
954 465 1244 508 preparatur.
1298 456 1350 496 In
1383 457 1473 496 suis
1511 463 1653 497 autem
1688 470 1757 497 νο-

435 527 668 581 luptatibus
692 527 918 567 relaxatur
940 527 1138 574 iniustus,
1172 532 1213 566 et
1233 533 1394 579 quanto
1417 527 1477 566 eis
1498 528 1759 579 temporalia

434 598 542 638 bona
558 603 801 650 suppetunt,
825 603 945 637 tanto
961 603 1110 636 eterna
1125 596 1413 650 denegantur.
1444 596 1589 647 Vituli,
1608 597 1759 651 inquit,

433 671 507 721 qui
560 667 780 707 mactandi
823 673 925 706 sunt
970 667 1011 705 in
1066 665 1340 706 liberioribus
1376 667 1578 719 pastibus
1627 668 1794 711 relin-5

433 745 652 791 qztuntur;
684 751 771 776 non
805 736 906 790 quin
941 745 1019 776 stat
1042 750 1136 776 vere
1169 736 1357 789 divitem,
1391 737 1433 776 in
1455 737 1759 790 temporalibus

433 808 693 859 affluentem,
717 820 897 860 regnum
915 807 1104 847 celorum
1127 807 1355 861 acquirere,
1380 808 1451 848 sed
1468 816 1567 848 tunc
1590 816 1761 861 oportet

434 879 573 918 Deum
597 877 850 917 miraculose
873 891 993 930 agere
1017 878 1132 931 quod
1155 886 1257 930 aput
1274 877 1470 918 homines
1505 886 1565 918 est
1596 878 1758 931 impos-

434 948 564 999 sibile,
587 948 872 988 convertendo
895 948 1059 987 mundo
1083 947 1256 988 divitem
1279 948 1329 988 ab
1353 947 1579 988 affeccione
1594 958 1759 1002 tempo-

434 1019 583 1058 ralium
614 1028 654 1058 et
689 1017 919 1058 carnalium
941 1017 1172 1070 voluptate,
1207 1027 1247 1058 et
1278 1018 1457 1058 omnino
1490 1018 1533 1057 in
1566 1019 1759 1059 extremis
1779 1039 1818 1060 10

435 1088 519 1128 suis
541 1087 659 1128 finire
674 1088 716 1127 in
733 1087 968 1141 evangelica
991 1097 1236 1141 paupertate
1259 1086 1324 1143 (ut
1346 1097 1461 1141 patet
1476 1089 1590 1129 Luce
1603 1087 1756 1143 X1V0).

198 1168 376 1216 mangerox·
495 1159 617 1199 Unde
660 1158 757 1213 quia
790 1158 1005 1211 probabile
1038 1167 1099 1198 est
1131 1172 1290 1212 paucos
1329 1159 1478 1198 mundi
1517 1159 1664 1198 divites
1703 1159 1761 1198 sic

230 1204 339 1231 menes.
439 1227 584 1279 facere,
618 1229 713 1268 ideo
744 1237 1044 1281 argumentum
1065 1229 1257 1282 topicum
1281 1238 1342 1269 est
1373 1229 1489 1282 quod
1512 1229 1636 1269 multi
1659 1229 1761 1268 tales

436 1299 678 1340 moriuntur
710 1299 752 1338 in
785 1308 958 1351 peccato
1002 1298 1137 1338 finalis
1177 1299 1471 1352 impenitencie.
1525 1299 1624 1338 Ideo
1664 1298 1762 1339 dicit

439 1369 666 1423 Gregorius
702 1367 790 1424 (subi
826 1368 992 1422 supra):
1041 1370 1275 1423 Negantur
1307 1370 1451 1410 electis
1484 1370 1527 1409 in
1564 1369 1644 1409 hac
1676 1370 1761 1409 vita
1782 1379 1819 1411 15

438 1441 547 1479 bona
579 1447 772 1488 terrena,
820 1440 921 1493 quia
952 1446 990 1479 et
1023 1440 1140 1493 egris
1178 1440 1332 1492 quibus
1371 1452 1468 1491 spes
1500 1439 1670 1480 vivendi
1701 1445 1763 1479 est

438 1522 709 1562 nequaquam
755 1522 780 1548 a
829 1509 991 1549 medico
1037 1517 1190 1549 cuncta
1235 1522 1317 1562 que
1362 1515 1569 1562 appetunt
1612 1522 1762 1549 conce-

438 1581 616 1619 duntur.
651 1578 831 1619 Dantur
853 1585 994 1619 autem
1029 1580 1228 1632 reprobis
1261 1580 1371 1619 bona
1404 1592 1485 1632 que
1507 1581 1549 1619 z‘n
1573 1580 1654 1619 lzac
1676 1580 1761 1619 vita

438 1656 659 1703 appetunt,
693 1650 793 1702 quia
818 1649 1059 1702 desperatis
1082 1651 1201 1704 egris
1235 1664 1358 1690 omne
1380 1650 1493 1703 quod
1514 1650 1762 1690 desiderant

440 1734 522 1759 non
559 1726 760 1773 negatur.
805 1721 1089 1759 Attendamus
1122 1734 1220 1774 ergo
1253 1721 1304 1760 ad
1338 1720 1572 1760 doctrinam
1607 1720 1759 1760 Christi
1778 1740 1820 1761 20

439 1791 479 1828 in
513 1803 640 1842 opere
685 1798 724 1829 et
768 1803 961 1829 sermone
1000 1798 1039 1829 et
1077 1790 1316 1829 videbimus
1355 1791 1471 1844 quod
1512 1789 1621 1829 filios
1661 1803 1761 1830 suos

439 1860 674 1899 carissimos
707 1872 793 1898 non
828 1859 884 1898 sic
908 1860 1037 1911 dotat,
1071 1869 1110 1899 et
1142 1870 1234 1900 tum
1264 1874 1342 1899 nos
1376 1860 1568 1900 faciendo
1602 1860 1759 1900 elemo-

440 1931 548 1969 sinas
581 1930 784 1969 debemus
817 1943 963 1983 capere
1003 1931 1247 1983 exemplum
1279 1944 1301 1969 a
1335 1930 1517 1970 Christo.
1564 1930 1617 1969 Et
1649 1938 1762 1983 patet

439 2001 555 2053 quod
601 1999 708 2039 dicte
752 1999 941 2039 raciones
987 2013 1112 2053 super
1155 2000 1309 2053 pietate
1354 2000 1527 2039 milvina
1571 2009 1762 2053 pretense

440 2085 524 2110 non
570 2069 832 2109 concludunt
875 2083 951 2109 nec
991 2069 1219 2110 rectificant
1257 2071 1330 2110 sed
1368 2070 1596 2110 excludunt
1634 2069 1760 2123 privi-
1780 2081 1820 2113 25

439 2140 545 2193 legia
578 2140 827 2193 supradicta.

168 2218 406 2252 'llusprjvilcge
498 2210 596 2248 Ideo
630 2218 757 2249 restat
788 2209 872 2248 iam
905 2218 1055 2263 quarto
1089 2210 1255 2250 obicere
1288 2219 1433 2250 contra
1464 2210 1545 2250 illa.
1586 2210 1803 2253 Videturd,
1828 2221 1867 2254 Κ

149 2254 262 2315 1323ss
285 2254 596 2333 3¹12?1‘5f{2pri1110:
631 2279 671 2319 Si
705 2288 826 2319 tenor
848 2279 1167 2333 privilegiorum
1198 2280 1319 2319 debet
1351 2280 1409 2319 sic
1441 2279 1615 2333 intelligi
1650 2281 1762 2319 nude

169 2323 491 2389 bel1a1b0u1td.ad
529 2349 723 2400 litteram,
769 2358 868 2388 tunc
908 2349 1049 2402 posito
1088 2351 1205 2403 quod
1245 2350 1446 2390 exercitus
1490 2349 1761 2389 inimicorum

440 2419 607 2459 invadat
640 2419 852 2471 Angliam,
893 2419 1015 2459 debet
1046 2419 1088 2458 in
1121 2420 1193 2458 illo
1228 2420 1321 2460 loco
1354 2420 1504 2459 habere
1537 2419 1761 2472 refugium,
1779 2431 1820 2463 30

439 2490 496 2529 sic
529 2490 645 2542 quod
680 2498 774 2541 post
806 2489 1114 2529 recreacionem
1148 2499 1290 2542 posset
1328 2490 1560 2529 animosius
1600 2489 1761 2542 predari

440 2558 720 2611 provinciam.
766 2560 875 2598 Nam
908 2559 1094 2612 quelibet
1126 2574 1305 2613 persona
1339 2560 1431 2600 talis
1464 2559 1667 2600 exercitus
1702 2569 1762 2599 est

493 2742 518 2769 Β.
549 2742 609 2769 ib.:
646 2742 726 2777 Quia
758 2747 841 2769 tauto
872 2742 897 2769 ei
929 2743 1113 2778 temporalia
1153 2744 1234 2770 bona
1268 2747 1448 2779 suppetunt,
1485 2748 1601 2779 quanto
1637 2747 1762 2770 aeterna

441 2788 643 2824 denegantur.
780 2788 804 2816 5.
827 2789 885 2816 ib.:
908 2789 935 2816 iu
953 2789 1066 2817 liberis.
1206 2791 1244 2818 15.
1264 2790 1293 2818 A
1313 2790 1343 2817 in
1359 2797 1474 2824 marg-2
1490 2788 1671 2825 Gregorius.
1693 2789 1714 2816 Β
1729 2790 1760 2817 in

440 2843 555 2869 marg:
589 2835 675 2862 Bona
707 2840 827 2863 terrena
863 2844 957 2871 quare
987 2835 1091 2863 electis
1123 2841 1284 2870 negantur.
1429 2844 1468 2871 ¹7-
1499 2837 1544 2864 A:
1575 2841 1666 2864 cuma
1704 2843 1761 2871 pro

441 2886 560 2908 cuncta.
704 2889 742 2911 21.
774 2883 799 2909 Α
821 2883 876 2916 Λ,;
905 2887 932 2909 et
959 2882 1131 2910 videamus.
1275 2890 1323 2917 24.
1350 2881 1371 2909 Β
1399 2882 1429 2909 in
1457 2889 1555 2916 marg.
1582 2889 1664 2910 man.
1692 2882 1760 2910 alt.:

444 2927 540 2954 vieta>-
561 2927 697 2955 Milviua.
840 2936 883 2963 27.
906 2930 933 2956 A
955 2928 982 2955 in
1005 2936 1119 2964 marg:
1143 2927 1243 2956 Prima
1264 2928 1359 2956 racio.
