2045 3312
308 260 393 288 cm.
417 251 529 308 xvir]
810 265 869 297 DE
898 266 1130 298 ECCLEsm.
1842 258 1922 313 397

155 380 186 412 F
217 379 404 422 184⁰sunt
449 371 499 409 de
544 383 621 409 suo
662 370 854 410 exercitu.
890 370 955 410 Sic
991 384 1088 423 ergo
1121 384 1276 423 panem
1310 380 1348 410 et
1381 372 1628 412 vestimenta
1689 382 1755 410 The
1777 383 1816 410 o.
1837 383 1874 411 T.

306 439 545 479 habuerunt
584 448 718 493 patres
751 440 898 479 veteris
931 440 1183 492 testamenti,
1225 442 1297 480 sed
1330 441 1436 481 sicut
1469 456 1551 482 non
1587 443 1628 483 in
1645 417 1803 492 faffiiuarrig
1823 419 1922 489 333&

306 511 395 550 solo
442 524 557 564 pane
609 511 705 550 vivit
755 511 878 550 homo
918 509 983 564 (ut
1028 511 1177 551 dicitur
1222 512 1396 552 Matthei
1431 513 1523 564 IV0,
1570 487 1914 566 4),Chr‹¹:iiaiii}3.ugh¹

306 581 361 620 sic
407 595 499 634 spes
547 580 823 621 confunderet
865 581 1252 635 relinquereturque
1297 591 1383 622 tota
1430 582 1512 622 vita
1559 583 1630 622 ob-

274 651 523 703 5probriosa
557 660 597 691 et
629 651 778 691 sterilis
811 651 888 690 nisi
923 651 1067 691 caritas
1098 665 1402 691 consummans
1435 662 1481 692 ut
1503 662 1631 705 potus

307 730 346 760 et
378 722 566 761 edulium
599 723 693 761 data
727 721 848 761 fuerit
876 736 949 775 per
979 722 1206 762 dominum
1228 723 1369 762 Jesurn
1394 722 1631 775 Christum,

306 791 423 831 aliter
466 792 577 831 enim
624 806 709 832 non
752 793 958 832 deleretur
991 802 1213 846 peccatum
1246 792 1421 833 humani
1455 793 1630 847 generis,

306 875 381 900 nec
426 872 715 915 procrearetur
760 863 956 916 operacio
1005 863 1141 903 vitalis
1187 863 1312 916 digna
1358 862 1629 916 beatitudine,

307 934 378 970 sed
432 942 665 973 remaneret
717 933 757 972 in
812 933 984 987 singulis
1038 933 1270 973 viatoribus
1324 933 1630 986 sempiternum

253 1023 292 1044 10
307 1003 587 1056 obprobrium
610 1013 655 1044 ut
673 1004 924 1056 dampnatis
952 1003 1096 1055 Aufer,
1121 1003 1332 1057 inquiunt,
1352 1004 1632 1057 obprobrIum

307 1082 513 1125 nostrum,
548 1074 645 1128 quia
678 1074 989 1114 remanebimus
1023 1083 1229 1127 perpetuo
1253 1083 1474 1128 tamquam
1508 1075 1630 1114 abor-

307 1143 377 1182 tivi
427 1145 492 1183 vel
537 1145 735 1196 colobon,
781 1145 857 1183 nisi
903 1154 948 1184 tu
982 1145 1084 1184 dans
1116 1153 1279 1194 vestem
1313 1144 1554 1198 nupcialem
1593 1154 1632 1184 et

308 1214 572 1255 domicilium
611 1214 736 1254 fueris
777 1215 1028 1256 incarnatus
1072 1215 1181 1254 Nam
1214 1215 1350 1255 victus
1383 1224 1423 1255 et
1455 1215 1630 1255 vestitus

308 1297 393 1323 non
440 1283 654 1324 sufficiunt
699 1285 862 1325 homini
896 1285 983 1324 sine
1017 1284 1171 1324 ultimo
1206 1285 1340 1324 stabili
1383 1293 1631 1337 tegumento

255 1355 423 1407 15quod
457 1364 517 1394 est
550 1354 698 1394 caritas
731 1355 860 1408 patrie
895 1369 980 1394 non
1015 1354 1223 1406 excidens,
1260 1356 1354 1394 data
1387 1368 1460 1407 per
1493 1355 1630 1394 domi-

309 1438 412 1464 num
462 1426 605 1465 Jesum
657 1425 886 1466 Christum.
942 1427 1165 1465 Invocetur
1219 1440 1317 1479 ergo
1370 1439 1496 1478 super
1554 1439 1631 1464 nos

308 1508 465 1534 nomen
499 1495 667 1546 Christi,
703 1505 747 1535 ut
781 1497 969 1535 dicamur
1000 1495 1216 1535 actualiter
1249 1495 1472 1534 christiani.
1511 1496 1631 1535 Unde

307 1564 430 1604 istam
474 1566 819 1619 deprecacionem
860 1566 959 1605 dicit
1005 1566 1269 1619 Augustinus
1318 1566 1550 1606 redundare
1588 1566 1629 1605 in

306 1635 522 1675 ecclesiam
545 1636 896 1689 triumphantem3
921 1649 1197 1689 quamquam,
1222 1635 1372 1689 inquit,
1388 1636 1632 1689 spirituales

251 1726 291 1747 20
306 1707 391 1745 sint
435 1712 471 1745 et
514 1707 686 1746 celestes
718 1707 926 1759 potencie,
960 1706 1188 1759 obprobrio
1221 1713 1363 1746 tamen
1397 1707 1629 1757 subiacent,

306 1777 343 1815 si
394 1790 419 1816 α
473 1784 664 1816 creatore
718 1790 796 1817 sno
836 1777 1015 1830 suerint
1066 1777 1205 1816 aliene
1250 1784 1287 1816 et
1331 1791 1407 1816 nec
1440 1777 1630 1817 membra

307 1854 433 1886 erunt
488 1848 680 1900 corporis
724 1861 804 1900 que
846 1854 975 1900 caput
1017 1860 1145 1886 suurn
1193 1860 1275 1886 non
1330 1856 1631 1901 cognoscentes

307 1918 523 1957 oberrant.
573 1918 673 1957 Vult
725 1917 859 1957 dicere
906 1918 1022 1971 quod
1067 1917 1141 1957 toti
1200 1917 1369 1957 ecclesie
1415 1918 1630 1958 beatitudo

308 1987 499 2027 deficeret
544 1988 620 2027 nisi
669 1987 860 2028 Christus
906 1987 1056 2027 merito
1090 2001 1164 2026 sue
1198 1986 1405 2040 passionis
1438 1988 1630 2041 redemp-

252 2058 473 2099 25cionem
506 2058 690 2098 hominis
725 2066 1075 2098 consummasset.

258 2136 294 2169 G
367 2128 446 2168 Sed
471 2128 535 2167 hie
558 2129 723 2168 videtur
745 2128 947 2168 dubium:
973 2127 1014 2167 Si
1048 2136 1184 2180 patres
1212 2127 1360 2167 veteris
1390 2126 1630 2167 testamenti
1672 2136 1740 2164 Men
1764 2145 1834 2177 may
1854 2138 1891 2177 ise

310 2198 474 2238 fuerant
527 2198 752 2249 christiani,
807 2208 845 2238 et
896 2198 1061 2237 videtur
1114 2197 1403 2251 Augustinum
1455 2197 1496 2236 in
1556 2171 1920 2244 istaissuii‘isssssssfiffssffi

277 2269 522 2310 lsentencia
568 2269 849 2309 contradicere
895 2268 969 2307 sibi
1004 2268 1096 2321 ipsi.
1131 2268 1212 2307 Sed
1245 2268 1483 2307 notandum
1515 2268 1631 2320 quod

253 2348 294 2380 30
313 2339 504 2379 homines
550 2349 730 2392 possunt
774 2338 853 2378 dici
887 2338 1101 2391 tripliciter
1135 2337 1360 2389 christiani,
1394 2337 1548 2377 scilicet
1588 2337 1629 2375 in

310 2408 455 2463 figura,
500 2410 542 2449 in
591 2409 737 2449 effectu
776 2419 815 2449 et
860 2409 900 2447 in
942 2409 1090 2450 fructu.
1142 2408 1186 2447 In
1232 2406 1364 2461 figura
1396 2421 1494 2447 vero
1533 2407 1630 2447 dicti

310 2489 407 2519 sunt
452 2493 601 2519 omnes
649 2479 777 2519 sancti
823 2479 924 2533 legis
968 2477 1117 2518 veteris
1165 2478 1390 2518 christiani.
1436 2477 1477 2517 Si
1517 2478 1631 2517 enim

310 2549 419 2589 dieta
463 2549 613 2589 dicitur
656 2563 754 2589 sana
802 2557 973 2601 propter
1016 2548 1236 2588 sanitatem
1281 2547 1467 2588 futuram
1513 2548 1630 2587 cuius

363 2671 397 2690 ιι.
419 2665 445 2690 Α
468 2664 497 2690 in
519 2671 636 2697 marg.:
667 2663 772 2690 Passio
799 2661 916 2690 Christi
943 2662 1070 2697 perfecit
1095 2670 1151 2689 nos
1173 2667 1201 2689 et
1227 2662 1342 2689 omnia.
1488 2659 1528 2688 18.
1550 2662 1579 2688 A
1599 2661 1630 2688 in

312 2717 427 2745 marg.:
455 2711 661 2745 Augustinus.
804 2710 850 2737 26.
887 2710 912 2736 A
935 2709 955 2736 B
982 2709 1011 2736 in
1040 2716 1155 2743 marg:
1188 2709 1337 2736 Dubium.
1484 2716 1530 2743 29.
1553 2709 1579 2735 A
1600 2709 1629 2735 in

312 2764 428 2790 marg:
461 2757 539 2784 Nota
559 2757 643 2792 quod
672 2758 815 2785 homines
842 2757 988 2784 dicuntur
1016 2757 1179 2792 tripliciter
1208 2756 1379 2784 christiani.
1419 2756 1439 2783 Β
1460 2756 1490 2782 in
1513 2762 1629 2789 marg:

312 2803 463 2830 Homines
483 2804 629 2831 dicuntur
650 2803 813 2831 christiani
835 2803 1007 2837 tripliciter.

371 2909 402 2941 7.
430 2900 647 2940 Augustinus
675 2900 835 2943 quaestio
864 2900 986 2931 XLVII
1016 2900 1035 2931 l.
1064 2910 1091 2932 c,
