2045 3312
227 239 313 269 CAP-
340 228 439 288 XXL]
727 241 787 274 DE
814 240 1049 273 ECCLESIA.
1751 223 1828 265 513

74 361 103 393 S
136 364 212 406 ¹99⁸
228 358 324 389 nata
348 348 412 387 vel
436 347 635 400 prescita,
670 359 798 400 quam
824 354 996 400 oportet
1019 344 1177 385 servire
1211 343 1389 383 domino
1413 343 1543 384 libere

224 419 289 458 vel
323 427 488 470 coacte;
538 417 634 457 ideo
674 416 869 470 adiungit
909 416 1129 470 apostolus
1169 414 1273 454 illud
1307 412 1544 453 secundum

227 489 469 528 membrum
514 489 566 528 ad
613 487 850 527 dominum.
902 485 986 526 Sed
1032 484 1163 525 tercio
1208 483 1347 523 omnis
1394 491 1544 522 natura

227 568 364 599 creata
397 559 546 598 saltem
586 571 662 611 per
702 571 744 596 se
785 556 966 596 existens
999 555 1128 595 habet
1160 554 1274 607 apud
1309 562 1543 593 creatorem

193 642 354 674 §suum
397 627 589 669 officium
636 626 856 682 operandi,
907 626 1008 665 Ideo
1054 633 1175 665 notat
1220 623 1325 663 illud
1365 623 1544 663 tercium

225 700 419 753 generale
464 699 542 738 sub
589 697 841 738 habitudine
887 697 938 735 ad
981 697 1121 736 Deum
1168 702 1396 735 creantem.
1451 692 1545 732 Istis
1596 700 1697 737 Every
1716 700 1807 728 cleric

226 769 460 824 suppositis
505 776 623 822 patet
668 767 785 821 quod
831 766 971 806 omnis
1011 766 1188 805 clericus
1231 764 1359 804 habet
1398 777 1419 802 a
1453 763 1545 802 Deo
1594 736 1794 806 Ᾱζῖῗςῆεέῃιξῖ

927 837 933 843 ,
989 836 996 843 .
1075 835 1083 842 .
1364 833 1387 841 ,,
1471 833 1479 841 ,
1517 833 1524 840 ,
1561 807 1632 835 God
1667 803 1838 840 according

227 840 463 880 secundum
509 852 634 878 suum
681 837 861 890 gradum
908 837 1217 876 llmltaclonem
1259 833 1389 874 officii
1424 847 1545 873 mini-
1578 847 1609 870 to
1631 842 1677 869 liis
1699 843 1820 877 degree,

228 909 403 961 strandi,
438 917 479 948 et
511 909 625 949 illam
661 921 768 948 voco
810 921 889 960 ego
923 915 1181 946 caracterem
1215 918 1342 958 quern
1377 912 1548 957 oportet

176 1002 213 1023 ιο
230 994 402 1020 omnem
434 979 606 1019 fidelem
631 978 856 1017 admittere
890 977 1132 1030 cuicunque
1156 976 1351 1015 membro
1375 973 1548 1014 ecclesie

231 1060 271 1091 et
304 1051 468 1090 nullum
503 1049 648 1088 alium.
686 1048 816 1097 Quod
841 1056 985 1086 autem
1019 1046 1088 1085 alii
1119 1045 1293 1098 capiunt
1315 1044 1547 1084 terminum

230 1121 423 1162 striccius
457 1120 498 1159 in
533 1132 619 1159 uno
653 1133 778 1160 sensu
813 1128 853 1158 et
886 1118 955 1157 alii
979 1117 1136 1169 largius
1170 1116 1212 1155 in
1246 1115 1343 1167 alio,
1380 1128 1463 1154 non
1489 1122 1625 1153 estana
1645 1123 1840 1163 t11isispv11at

232 1204 386 1244 magna
406 1190 483 1241 vis,
510 1203 605 1229 cum
631 1190 684 1228 sit
699 1189 909 1228 terminus
925 1187 1197 1240 magistraliS,
1221 1194 1550 1238 verumptamen
1592 1158 1810 1222 <ιο1ὴξιῗέοῗε1ῗῆ

229 1261 495 1314 loquendum
520 1269 581 1299 est
598 1258 664 1314 (ut
680 1260 821 1312 plures
844 1259 1069 1312 loquentes
1093 1257 1304 1310 scripture
1328 1265 1368 1295 et
1391 1254 1549 1294 racioni

177 1342 213 1375 15
231 1329 530 1385 conformius),
584 1340 625 1370 et
676 1339 792 1383 patet
845 1328 1065 1381 responsio
1124 1327 1346 1380 quomodo
1400 1326 1550 1378 aliquis

232 1411 418 1442 caracter
435 1410 568 1441 cessat
585 1401 798 1453 completo
814 1399 971 1451 officio,
983 1408 1022 1439 et
1038 1398 1132 1438 talis
1150 1397 1355 1437 dividitur
1371 1410 1551 1450 propor-

232 1473 452 1512 cionaliter
483 1481 531 1512 ut
554 1472 644 1511 eius
680 1470 886 1510 officium.
921 1470 975 1509 Et
999 1469 1067 1508 ille
1090 1476 1268 1508 vocatur
1292 1476 1478 1507 caracter
1510 1466 1551 1505 in

231 1553 342 1596 actu,
359 1553 397 1582 et
416 1544 522 1583 alius
540 1551 724 1582 caracter
742 1541 842 1581 dicit
859 1549 1114 1593 potestatem
1132 1539 1184 1578 ad
1204 1537 1381 1578 confuse
1397 1537 1551 1576 facien-

231 1615 333 1653 dum
359 1613 657 1665 ministerium,
673 1612 760 1651 sive
776 1619 977 1665 sequatur
996 1611 1082 1649 sive
1108 1622 1208 1662 non,
1226 1617 1266 1648 et
1289 1608 1356 1647 ille
1373 1620 1457 1646 non
1481 1606 1552 1645 de-

173 1704 216 1726 20
232 1685 389 1738 pendet
411 1685 462 1723 ab
486 1697 615 1737 opere
637 1683 709 1723 sed
727 1696 747 1721 a
771 1681 1031 1722 sufficiencia
1053 1679 1191 1733 operis
1208 1678 1351 1732 quoad
1370 1677 1553 1730 speciem

235 1755 514 1806 terminantis,
550 1762 590 1793 et
622 1754 700 1793 iste
746 1753 900 1791 modus
932 1750 1136 1804 loquendi
1176 1749 1345 1788 videtur
1379 1747 1553 1786 facilior.

291 1825 479 1865 Ulterius
505 1833 620 1878 patet
645 1824 760 1876 quod
787 1832 846 1862 est
872 1822 970 1860 dare
987 1830 1152 1873 septem
1177 1819 1347 1858 ordines
1365 1818 1553 1858 secundo
1568 1825 1671 1854 There
1684 1835 1734 1854 are
1752 1835 1843 1854 seven

235 1896 364 1934 modo
398 1895 548 1945 dictos,
591 1893 814 1933 distinctos
855 1891 1065 1944 specifice,
1110 1890 1180 1929 sed
1229 1889 1371 1928 nullus
1405 1900 1553 1926 eorum
1569 1862 1844 1934 thggiisgssxiissine

236 1975 298 2004 est
332 1965 530 2004 sensibile
564 1973 895 2010 sacramentum,
942 1962 1014 2000 sed
1050 1974 1112 1999 res
1152 1960 1218 1998 vel
1251 1959 1414 1998 fructus
1449 1957 1552 1996 eius.
1598 1938 1629 1960 ¹⁰
1650 1934 1821 1995 ffiffilfeer.⁰¹¹e

178 2043 216 2076 25
236 2035 562 2074 Sacramentum
597 2042 741 2073 autem
775 2032 937 2072 ordinis
977 2031 1093 2084 quod
1135 2029 1331 2069 sacerdos
1373 2028 1556 2067 celebrat

236 2115 298 2145 est
338 2105 662 2158 quodammodo
703 2117 836 2143 unum
877 2102 1114 2142 secundum
1154 2112 1354 2152 magnam
1389 2107 1555 2151 partem

235 2177 300 2216 sui
334 2176 620 2215 subiectatum
660 2175 701 2214 in
742 2174 982 2222 ordinante,
1024 2172 1123 2225 quia
1163 2170 1258 2210 finis
1299 2183 1321 2208 a
1362 2181 1448 2222 quo
1489 2181 1554 2206 ca—

235 2247 352 2300 pitur
405 2247 492 2285 eius
546 2246 685 2285 unitas
739 2254 801 2284 est
863 2252 1000 2283 totum
1061 2240 1355 2281 sacerdocium
1420 2237 1556 2277 tocius

236 2317 468 2356 sacerdotis
524 2315 710 2365 ecclesie,
768 2327 843 2353 nec
895 2313 1045 2353 resisto
1096 2312 1201 2365 quin
1252 2318 1351 2349 sunt
1401 2307 1556 2346 diversi

181 2388 408 2427 3oordines
442 2386 629 2426 distincti
665 2383 860 2438 specifice
894 2393 981 2423 tam
1016 2390 1281 2422 sacramenta
1324 2391 1453 2432 quam
1490 2389 1554 2415 res

237 2457 509 2508 sacramenti3
543 2469 690 2495 omnes
725 2465 865 2494 tamen
892 2454 946 2493 illi
972 2452 1142 2491 ordines
1167 2460 1266 2490 sunt
1299 2462 1409 2488 unus
1434 2447 1556 2497 ordO,

238 2537 277 2567 et
301 2528 358 2566 sic
383 2536 481 2566 sunt
500 2534 666 2566 tantum
692 2534 855 2577 septem
880 2531 1158 2573 sacramenta,
1191 2521 1288 2560 licet
1313 2520 1366 2558 sit
1389 2527 1555 2557 tantum

239 2612 375 2638 unum
407 2605 736 2648 sacramentum,
754 2595 862 2634 sicut
884 2593 1193 2644 Crisostomus,
1215 2590 1383 2631 Omelia
1408 2588 1557 2641 prima,

239 2668 339 2707 dicit
373 2667 423 2706 de
456 2676 617 2719 septem
652 2664 849 2705 ecclesiis.

293 2848 318 2871 7.
341 2840 368 2866 A
388 2838 409 2865 Β
431 2838 459 2866 in
482 2846 597 2873 marg:
620 2837 703 2873 Quid
732 2842 777 2863 est
802 2840 950 2863 caracter.
1061 2834 1086 2861 8.
1111 2843 1138 2868 n
1164 2833 1204 2859 ss:
1231 2832 1429 2860 ministrandi
1455 2831 1557 2860 deest:

241 2887 312 2913 ibidr
336 2888 363 2913 A
379 2886 432 2919 A1:
457 2892 513 2916 ego
530 2885 625 2911 deest.

1398 2928 1439 2959 33
