2045 3312
170 912 219 938 An
242 911 338 938 abuse
358 911 393 938 of

164 946 224 973 this
245 946 318 973 kind
340 954 398 973 can

158 982 195 1008 be
217 982 283 1008 best
303 989 404 1009 reme-

141 1016 209 1044 died
232 1016 271 1052 by
292 1024 416 1044 remov-

161 1052 214 1085 ing
233 1052 282 1078 the
304 1051 393 1087 thing

210 1086 339 1114 abused.

895 301 1119 335 JOHANNIS
1145 304 1342 339 WYCLIF.
1529 294 1637 352 [CAP.
1653 306 1765 336 xvm.

434 414 657 459 tamquam
700 419 914 446 venenum
958 408 1186 450 abnuimus
1220 420 1364 451 contra
1397 412 1524 452 fidem
1559 414 1911 474 scripture187dK

434 484 473 514 et
516 484 762 516 sanctorum
807 477 1116 521 testimonium.
1163 481 1273 520 Nam
1327 482 1472 523 beatus
1523 485 1762 526 Jeronimus

431 545 537 584 libro
571 545 629 585 ΙΙΟ
661 559 785 599 super
819 546 942 599 Osee,
967 562 1181 602 exponens
1203 551 1308 591 illud
1333 552 1442 593 Osee
1476 554 1568 606 IX0,
1600 566 1667 608 14:
1692 556 1762 596 Da

431 616 488 655 eis
523 616 654 655 ubera
687 618 878 667 arencia,
917 618 972 658 ita
1018 620 1176 660 scribit:
1214 621 1259 661 Si
1302 623 1380 663 lziis
1413 637 1493 677 que
1517 639 1603 678 pro
1636 626 1759 667 bene-

431 686 617 725 diccione
638 687 808 726 donavit
833 690 943 729 male
965 690 1197 730 abutamur
1221 699 1259 732 et
1280 693 1322 732 in
1347 696 1613 735 contrarium
1632 709 1761 750 quam
1781 710 1796 742 5

432 756 484 795 ab
527 769 573 796 eo
612 757 712 796 data
745 765 846 798 sunt
877 767 1193 813 convertantur,
1227 764 1394 816 expedit
1427 772 1471 804 ut
1503 766 1764 820 auferantur

432 840 456 865 a
492 827 623 867 nobis.

490 898 577 937 Nec
601 899 725 937 credo
750 912 836 938 esse
871 899 1091 941 meliorem
1124 902 1378 943 medicinam
1413 914 1558 946 contra
1579 907 1807 953 abusumL

432 966 679 1007 huiusmodi
731 982 862 1022 quam
913 970 1077 1011 bonum
1123 973 1306 1013 abusum
1355 989 1429 1028 per
1484 990 1582 1016 eum
1640 977 1759 1018 cuius

432 1037 602 1078 interest
634 1039 835 1091 amoveri,
885 1054 960 1080 nec
1000 1042 1180 1082 dubium
1224 1044 1327 1097 quin
1367 1059 1434 1085 rex
1468 1060 1595 1099 penes
1628 1061 1757 1102 quem
1779 1071 1817 1093 10

433 1117 601 1162 oportet
632 1109 809 1148 residere
842 1111 1018 1164 capitale
1050 1113 1291 1155 dominium
1325 1114 1392 1170 (ut
1420 1118 1602 1157 ostendit
1625 1120 1755 1172 Hugo

432 1178 487 1217 ΙΙ0
506 1179 567 1218 De
588 1178 881 1232 sacramentis,
899 1190 1015 1234 parte
1031 1185 1226 1237 secunda,
1243 1199 1332 1239 cap.
1349 1186 1461 1240 V110)
1478 1187 1602 1228 habet
1624 1189 1756 1241 preci-

430 1262 565 1301 puum
597 1249 807 1290 interesse.
842 1252 966 1292 Unde
991 1252 1033 1292 in
1066 1254 1270 1295 desidiam
1302 1270 1449 1309 regum
1473 1267 1618 1298 monet
1641 1259 1754 1299 Deus

430 1332 542 1359 nunc
576 1329 746 1372 gentem
786 1330 969 1362 exteram
1009 1324 1060 1362 ad
1092 1326 1371 1378 predandum,
1412 1341 1524 1367 nunc
1559 1338 1759 1370 eventum

431 1389 540 1429 aeris
571 1390 636 1429 vel
675 1391 804 1432 bestie
842 1393 893 1431 ad
926 1395 1178 1434 vastandum
1212 1394 1277 1450 (ut
1309 1406 1423 1449 patet
1453 1398 1578 1437 Joelis
1610 1399 1660 1453 1⁰,
1702 1397 1814 1454 5).15

434 1459 618 1509 Ululate,
652 1461 790 1515 inquit
823 1463 1042 1516 propheta,
1075 1478 1220 1505 omnes
1260 1467 1332 1519 qui
1368 1467 1504 1507 bibitis
1536 1470 1679 1509 vinunz
1714 1471 1755 1510 in

428 1530 662 1581 dulcedine,
698 1533 896 1585 quoniam
914 1535 1045 1587 periit
1071 1535 1123 1574 ab
1148 1549 1222 1575 ore
1244 1543 1382 1576 vestro
1415 1539 1479 1577 vel
1513 1537 1578 1592 (ut
1600 1540 1756 1581 habent

428 1601 714 1657 septuaginta)
763 1603 954 1643 ablatum
1003 1612 1065 1644 est
1102 1606 1154 1645 ab
1187 1619 1261 1645 ore
1293 1613 1445 1647 vestro,
1499 1608 1634 1662 Super
1665 1624 1751 1664 quo

426 1671 681 1712 Jeronimus:
729 1673 834 1726 Sepe
871 1675 1024 1728 quippe
1056 1677 1115 1730 fit
1156 1677 1239 1716 Dei
1270 1678 1546 1731 providencia
1593 1688 1638 1720 ut
1680 1683 1753 1735 qui

429 1754 510 1780 non
544 1751 835 1796 cognoverant
857 1758 951 1784 eum
986 1746 1027 1785 in
1057 1748 1283 1800 prosperis
1316 1757 1571 1802 cognoscent
1602 1752 1642 1790 in
1676 1753 1749 1792 ad-
1768 1773 1808 1794 20

426 1813 574 1863 versis,
623 1820 661 1852 et
698 1814 770 1867 qui
808 1814 966 1855 diviciis
1008 1817 1120 1856 male
1151 1818 1276 1857 abusi
1312 1826 1413 1858 sunt
1444 1820 1501 1859 ad
1531 1821 1650 1873 vicia,
1695 1823 1751 1862 ad

426 1882 601 1922 virtutes
627 1885 815 1936 penuria
849 1886 1143 1940 corrigantur.
1182 1888 1235 1928 Et
1266 1889 1394 1929 talem
1426 1891 1609 1931 abusum
1642 1901 1747 1932 tem-

427 1952 638 2004 poralium
667 1967 761 1993 reor
783 1968 870 1995 esse
895 1957 1104 1996 causamss
1120 1957 1328 1998 bellorum
1352 1969 1391 1999 et
1415 1961 1748 2013 perturbacionis
1769 1973 1846 2007 188n

428 2022 563 2062 tocius
597 2024 768 2064 ecclesie
801 2025 1041 2078 militantis;
1093 2027 1246 2081 quibus
1280 2029 1394 2069 enim
1427 2044 1570 2071 servus
1595 2031 1747 2073 Christi

428 2093 614 2133 abutitur
646 2094 924 2147 irregulariter
955 2096 996 2135 in
1028 2097 1108 2137 hiis
1130 2098 1325 2152 punitur3
1373 2102 1489 2153 quod
1522 2101 1555 2140 si
1581 2102 1748 2143 animus
1766 2115 1804 2148 25

428 2163 523 2202 cleri
563 2163 799 2205 inordinate
832 2165 1013 2206 afficitur
1044 2167 1131 2209 istis
1165 2169 1300 2220 bonis,
1341 2184 1468 2210 nemo
1502 2171 1542 2210 in
1577 2172 1748 2213 ecclesia

426 2233 560 2286 magis
606 2244 742 2287 nocet,
787 2250 837 2275 eo
882 2238 999 2291 quod
1044 2239 1121 2278 sub
1169 2239 1309 2279 colore
1349 2240 1565 2294 religionis
1605 2243 1748 2295 palliat

426 2305 766 2356 perseverancius
800 2315 838 2346 et
861 2306 1016 2346 forcius
1039 2309 1218 2349 abusum
1244 2311 1545 2362 temporalium
1580 2322 1618 2352 et
1650 2314 1744 2366 plus

425 2373 556 2414 inficit
571 2375 787 2416 residuum
803 2378 971 2419 ecclesie
987 2378 1051 2434 (ut
1067 2381 1250 2421 ostendit
1267 2380 1568 2434 crisostomus,
1580 2382 1745 2423 Omelia

425 2444 579 2483 XXXIa
616 2444 765 2498 Operis
799 2447 1065 2504 Imperfecti).
1112 2451 1232 2490 Unde
1270 2452 1535 2505 Augustinus
1568 2462 1742 2494 tractatu
1760 2467 1803 2498 30

479 2623 502 2642 2.
525 2617 553 2644 A
573 2618 603 2644 in
625 2626 739 2652 marg:
761 2618 805 2646 De
827 2619 988 2648 ablacione
1003 2621 1238 2657 temporalium.
1384 2633 1413 2657 4.
1435 2626 1459 2650 A
1474 2625 1506 2652 in
1523 2633 1637 2659 marg*
1659 2626 1743 2653 Jero-

425 2670 550 2697 nymus,
623 2674 652 2698 4.
675 2664 697 2692 5.
720 2665 753 2692 In
770 2666 879 2693 codd:
902 2674 954 2701 per
970 2667 1240 2703 benediccionen13
1263 2669 1390 2698 Corrcxi
1411 2679 1427 2698 e
1447 2676 1529 2698 textu
1551 2671 1744 2709 Hieronymi,

425 2709 601 2738 comment.
624 2711 653 2738 in
676 2711 790 2739 Oseain
814 2713 1010 2748 proplietam.
1033 2714 1083 2742 lib.
1105 2715 1141 2750 11,
1163 2724 1229 2751 cap.
1252 2716 1306 2751 1x3
1329 2717 1402 2744 ibid.
1425 2718 1508 2752 quod
1536 2718 1573 2745 ab
1601 2727 1637 2746 co
1658 2718 1743 2753 data;

426 2756 537 2784 iterum
559 2759 691 2785 correxi.
835 2759 875 2787 25.
906 2760 933 2787 A
955 2760 983 2788 in
1006 2769 1122 2796 marg:
1156 2767 1264 2790 contra
1286 2763 1450 2791 avariciam
1471 2765 1545 2791 cleri
1569 2765 1650 2792 bona
1673 2773 1741 2793 cor-

425 2803 535 2830 reccio.
680 2805 726 2833 30.
748 2806 776 2833 A
798 2806 826 2833 in
849 2814 966 2841 marg.:
989 2808 1196 2842 Augustinus.

484 2944 535 2978 29.
563 2935 837 2978 Chrysostomus
864 2937 897 2969 in
925 2938 1041 2981 Opere
1070 2939 1276 2982 Imperfecto
1305 2939 1325 2972 l.
1353 2951 1380 2972 c.
1408 2951 1485 2984 pag.
1513 2942 1648 2974 CXXX.
