2045 3312
126 257 206 297 338
850 268 1075 301 JOHANNIS
1102 266 1298 300 WYCLIF.
1535 253 1643 312 [CAP.
1664 262 1732 291 xv.

415 388 512 414 nam
545 374 841 427 prodicionem
886 374 1000 428 regni
1047 373 1176 414 nostri
1223 373 1354 413 clerus
1399 372 1888 426 possessionatusi-s-ssflG

411 445 712 498 conspiraverit
761 445 826 485 vel
878 453 1257 498 quantumcunque
1314 456 1468 496 magna
1515 443 1736 483 necessitas

411 529 541 567 regno
582 524 725 556 nostro
759 514 992 568 contigerit,
1028 527 1114 553 non
1147 513 1286 554 liceret
1330 513 1413 566 regi
1446 513 1496 553 ad
1531 512 1737 554 defensio-

413 599 511 625 nem
543 586 659 639 regni
692 586 804 625 bona
836 584 1108 638 appropriata
1141 584 1252 624 clero
1287 597 1365 623 suo
1411 583 1616 637 accipere;
1661 598 1736 625 nec

411 656 575 696 dubitat
617 657 681 696 vel
726 670 846 697 cecus
894 656 1056 709 logicus
1105 654 1208 708 quin
1256 654 1287 694 si
1334 654 1476 694 liceret
1507 654 1591 708 regi
1624 655 1768 696 bona5

412 729 506 769 cleri
543 729 583 768 in
617 729 687 769 tali
722 742 820 768 casu
854 727 1041 781 possibili
1076 727 1148 780 qui
1183 735 1269 766 tam
1294 740 1390 779 sepe
1415 725 1603 779 contigit,
1637 735 1736 766 tunc

412 799 568 852 poterit
600 813 697 840 cum
721 799 890 853 paribus
914 798 971 838 sic
994 796 1166 838 auferre.
1202 797 1280 837 Sed
1307 797 1590 850 supponendo
1614 796 1737 836 istam

411 869 651 923 potenciam
685 879 906 923 tamquam
940 868 1131 907 absolute
1164 867 1452 919 necessariam,
1476 867 1733 907 accedendo-

412 953 493 993 que
527 941 578 979 ad
611 940 829 980 licenciam
864 948 903 979 et
942 938 1148 990 debitum,
1194 938 1328 990 probo
1374 937 1512 990 primo
1547 938 1734 978 raciona-

412 1011 617 1050 bilitatem
643 1009 904 1050 condicionis
929 1010 1120 1062 superius
1144 1009 1334 1049 recitate:
1359 1009 1470 1048 Nam
1493 1022 1561 1048 rex
1585 1008 1735 1062 Anglie
1756 1027 1795 1048 10

118 1093 397 1133 suchacondnion
414 1083 563 1121 dotans
597 1081 811 1121 ecclesiam
847 1094 964 1120 suam
1000 1094 1074 1120 nec
1109 1079 1251 1119 debuit
1298 1093 1373 1119 nec
1418 1078 1556 1131 potuit
1602 1079 1737 1132 ipsam

137 1138 161 1156 'S
187 1130 380 1165 reasonable,
414 1152 558 1192 dotare
591 1153 640 1191 ad
668 1152 987 1191 enervacionem
1022 1151 1084 1190 vel
1119 1149 1493 1190 deterioracionem
1517 1149 1629 1203 regni
1660 1149 1736 1189 sui.

414 1222 527 1262 Cum
561 1223 700 1262 omnis
733 1231 919 1275 potestas
953 1222 1004 1260 sit
1036 1235 1057 1260 a
1092 1221 1180 1260 Deo
1214 1220 1283 1274 qui
1327 1233 1412 1259 non
1459 1228 1597 1272 potest
1642 1220 1738 1258 dare

141 1303 190 1331 for
210 1303 341 1342 xyiiliout
360 1304 382 1331 it
413 1293 655 1345 potenciam
687 1294 738 1332 ad
768 1292 879 1332 hunc
909 1291 1051 1342 finem,
1085 1291 1154 1330 sed
1193 1291 1248 1330 sic
1286 1290 1546 1343 contingeret
1578 1303 1735 1342 suppo—

118 1339 398 1413 ῙΙἸΞᾎᾞΞΞΕἾᾎᾞΙΜ
414 1364 493 1403 sito
533 1364 649 1417 quod
684 1377 750 1402 rex
784 1363 975 1402 absolute
1019 1358 1203 1402 dotasse't
1247 1375 1368 1401 suam
1401 1360 1618 1400 ecclesiam
1650 1373 1736 1399 non
1758 1369 1792 1401 15

152 1409 311 1479 lungidvffi
325 1410 362 1492 bi]
413 1434 767 1487 subintelligendo
792 1433 1088 1473 condicionem
1120 1432 1249 1485 illam,
1284 1445 1382 1484 ergo
1417 1430 1607 1484 oportuit
1636 1444 1735 1470 con-

141 1479 367 1507 endowmcms.
412 1504 624 1544 dicionem
657 1504 772 1544 illam
795 1503 1063 1557 subintelligi,
1098 1512 1136 1542 et
1160 1517 1232 1556 per
1264 1514 1540 1555 consequenS‚
1565 1501 1736 1555 quando

410 1584 682 1628 contemptus
715 1575 808 1615 cleri
850 1574 1012 1626 accidit,
1054 1587 1121 1613 rex
1164 1573 1367 1626 capiendo
1407 1571 1655 1624 temporalia
1694 1571 1735 1609 in

410 1660 560 1685 manus
584 1660 679 1686 suas
704 1659 787 1685 non
814 1645 908 1685 facit
941 1644 1050 1684 clero
1084 1644 1139 1682 illi
1175 1643 1383 1695 iniuriam,
1417 1656 1515 1683 cum
1539 1641 1734 1681 condicio

411 1730 456 1755 ex
488 1715 649 1756 defectu
686 1716 778 1755 cleri
814 1715 1066 1756 dissolvitur.
1750 1731 1792 1753 20

145 1795 171 1823 11·
189 1796 226 1823 lle
248 1796 306 1845 mid
329 1804 368 1822 no
472 1786 614 1826 Minor
645 1795 788 1826 autem
834 1785 1067 1839 argumenti
1115 1784 1171 1823 sic
1214 1783 1470 1823 ostenditur:
1516 1783 1558 1823 Si
1591 1782 1734 1822 omnia

118 1839 330 1901 Ιῖἳῖἶζῖδῖιζῗιὲ
345 1832 481 1897 1‹¹³¹i‘eilla
514 1857 625 1896 bona
664 1857 818 1910 quibus
836 1856 861 1883 '³³
879 1857 1048 1895 dotatur
1091 1863 1229 1894 nostra
1276 1854 1449 1893 ecclesia
1493 1853 1834 1907 iminediate17i3¹‘

142 1902 379 1999 ξξέιξὲιὲῗὸνῑοίἐπεο
413 1937 452 1967 et
497 1927 649 1967 directe
695 1927 949 1980 pertinerent
996 1926 1046 1965 ad
1096 1939 1264 1978 papam,
1310 1924 1365 1964 sic
1399 1925 1515 1977 quod
1548 1938 1615 1964 rex
1650 1938 1734 1963 non

179 1990 332 2043 Enssgiancs,
413 1998 562 2038 habeat
595 1997 865 2037 interessem
900 1996 1239 2050 possessionibus
1281 1995 1344 2035 vel
1390 1994 1592 2048 personis,
1639 2008 1734 2034 cum

414 2068 507 2121 plus
572 2082 701 2121 quam
766 2076 914 2121 quarta
978 2080 1071 2120 pars
1135 2065 1249 2119 regni
1313 2065 1365 2104 sit
1430 2065 1627 2105 devoluta
1685 2065 1735 2104 ad
1755 2077 1792 2108 25

413 2152 585 2178 manum
622 2146 850 2190 mortuam,
884 2137 1072 2190 sequitur
1104 2136 1220 2189 quod
1266 2149 1335 2174 rex
1381 2144 1520 2175 noster
1566 2149 1651 2174 non
1686 2134 1735 2174 sit

412 2223 478 2247 rex
524 2209 659 2248 tocius
711 2208 875 2261 Anglie,
921 2221 1018 2247 cum
1064 2207 1158 2259 plus
1203 2219 1331 2259 quam
1379 2214 1523 2259 quarta
1568 2219 1661 2258 pars
1693 2205 1735 2243 in

412 2293 540 2319 manu
575 2288 741 2318 mortua
775 2287 834 2318 est
867 2277 1015 2317 decisa.
1071 2277 1158 2316 Stat
1204 2275 1314 2315 enim
1362 2275 1519 2328 aliquid
1561 2290 1647 2315 esse
1689 2275 1733 2314 in

468 2448 508 2468 10.
539 2441 566 2467 Α
590 2440 619 2467 in
641 2447 755 2474 murga
790 2439 894 2467 Racio.
1039 2446 1075 2466 21.
1107 2439 1134 2465 A
1159 2438 1188 2465 in
1211 2445 1326 2472 marg.:
1357 2437 1398 2464 Dc
1425 2437 1585 2464 ablacione
1615 2436 1736 2471 (Abovc

413 2488 478 2523 17131·
496 2487 621 2515 without
643 2488 728 2514 mark
750 2487 785 2513 ot*
803 2486 983 2519 reference).
1128 2484 1173 2512 28.
1205 2485 1241 2513 ss:
1266 2486 1318 2513 list
1338 2486 1384 2513 vel
1407 2485 1520 2512 decisa.

478 2630 526 2650 ιω.
544 2619 633 2650 llus:
651 2618 734 2649 ltcm
751 2628 806 2649 rex
824 2619 949 2649 ssoem
962 2617 968 2647 i
981 2627 996 2648 e
1014 2617 1138 2648 dotans
1156 2616 1338 2648 ecclesiam
1355 2626 1454 2648 suam
1473 2626 1534 2647 nec
1550 2615 1668 2647 debuit
1685 2640 1691 2646 .
1707 2640 1736 2650 ,.

416 2688 466 2720 27.
498 2678 571 2707 llus
595 2677 614 2707 l.
638 2686 683 2708 c.:
711 2676 870 2718 sequitur
892 2676 987 2718 quod
1005 2685 1062 2707 rex
1080 2682 1199 2707 noster
1222 2686 1292 2706 non
1311 2672 1353 2706 sit
1373 2685 1431 2706 rex
1450 2674 1563 2706 tocius
1585 2674 1738 2714 Roemie,

414 2746 493 2766 cum
530 2736 609 2778 plus
642 2745 747 2777 quam
783 2743 905 2776 quarta
944 2744 1023 2777 pars
1064 2745 1126 2777 pro
1154 2734 1288 2766 clericis
1321 2733 1354 2764 in
1390 2744 1493 2764 manu
1522 2740 1661 2764 mortua
1688 2739 1739 2763 est

416 2795 531 2825 decisa
560 2818 566 2825 .
596 2818 603 2825 .
632 2818 639 2825 .
667 2793 790 2836 Comp.
829 2794 989 2835 fosculi,
1026 2795 1099 2825 llus
1133 2793 1202 2824 und
1231 2791 1361 2829 wicus,
1389 2792 1457 2824 Zur
1489 2791 1637 2823 Genesis
1680 2791 1740 2821 der

418 2851 634 2884 husitischcn
676 2851 801 2891 Lchre,
840 2863 871 2894 p.
912 2851 1102 2895 loo-208.
1149 2851 1286 2891 (wiclif
1315 2851 1380 2881 and
1419 2851 1504 2890 llus,
1542 2850 1659 2880 transl.
1695 2848 1738 2890 b)-

415 2911 531 2942 Evans
559 2921 635 2953 pag.
668 2909 874 2942 225>⁷235A
