<?xml version="1.0" encoding="UTF-8"?>
<!DOCTYPE html PUBLIC "-//W3C//DTD XHTML 1.0 Transitional//EN"
    "http://www.w3.org/TR/xhtml1/DTD/xhtml1-transitional.dtd">
<html xmlns="http://www.w3.org/1999/xhtml" xml:lang="en" lang="en">
 <head>
  <title>
</title>
<meta http-equiv="Content-Type" content="text/html;charset=utf-8" />
  <meta name='ocr-system' content='tesseract 3.04.00' />
  <meta name='ocr-capabilities' content='ocr_page ocr_carea ocr_par ocr_line ocrx_word'/>
</head>
<body>
  <div class='ocr_page' id='page_1' title='image "./iohanniswycliftr04wycl/iohanniswycliftr04wycl_0537.png"; bbox 0 0 2045 3312; ppageno 0'>
   <div class='ocr_carea' id='block_1_1' title="bbox 280 255 1120 315">
    <p class='ocr_par' dir='ltr' id='par_1_1' title="bbox 280 255 1120 315">
     <span class='ocr_line' id='line_1_1' title="bbox 280 255 1120 315; baseline 0.005 -17"><span class='ocrx_word' id='word_1_1' title='bbox 280 267 371 296; x_wconf 67' lang='lat' dir='ltr'><strong>CAP.</strong></span> <span class='ocrx_word' id='word_1_2' title='bbox 395 255 495 315; x_wconf 58' lang='lat' dir='ltr'>xxi]</span> <span class='ocrx_word' id='word_1_3' title='bbox 795 272 855 303; x_wconf 86' lang='lat' dir='ltr'>DE</span> <span class='ocrx_word' id='word_1_4' title='bbox 882 271 1120 304; x_wconf 81' lang='lat' dir='ltr'><strong>ECCLESIA.</strong></span> 
     </span>
    </p>
   </div>
   <div class='ocr_carea' id='block_1_2' title="bbox 139 374 1614 1130">
    <p class='ocr_par' dir='ltr' id='par_1_2' title="bbox 139 374 1614 989">
     <span class='ocr_line' id='line_1_2' title="bbox 139 374 1612 433; baseline 0.001 -18"><span class='ocrx_word' id='word_1_5' title='bbox 139 387 175 420; x_wconf 72' lang='lat' dir='ltr'><strong>G</strong></span> <span class='ocrx_word' id='word_1_6' title='bbox 198 385 277 433; x_wconf 55' lang='lat'>197¹*</span> <span class='ocrx_word' id='word_1_7' title='bbox 293 384 448 416; x_wconf 89' lang='lat' dir='ltr'>torum.</span> <span class='ocrx_word' id='word_1_8' title='bbox 466 375 508 416; x_wconf 82' lang='lat' dir='ltr'>Si</span> <span class='ocrx_word' id='word_1_9' title='bbox 532 374 894 431; x_wconf 83' lang='lat' dir='ltr'>(inquam)liceret</span> <span class='ocrx_word' id='word_1_10' title='bbox 917 377 966 417; x_wconf 91' lang='lat' dir='ltr'>de</span> <span class='ocrx_word' id='word_1_11' title='bbox 988 376 1164 416; x_wconf 89' lang='lat' dir='ltr'>testibus</span> <span class='ocrx_word' id='word_1_12' title='bbox 1179 376 1454 416; x_wconf 82' lang='lat' dir='ltr'><strong>mendacibus</strong></span> <span class='ocrx_word' id='word_1_13' title='bbox 1477 376 1612 416; x_wconf 85' lang='lat' dir='ltr'>colare</span> 
     </span>
     <span class='ocr_line' id='line_1_3' title="bbox 292 445 1613 500; baseline 0.001 -15"><span class='ocrx_word' id='word_1_14' title='bbox 292 454 586 486; x_wconf 89' lang='lat' dir='ltr'>commentum</span> <span class='ocrx_word' id='word_1_15' title='bbox 624 445 666 485; x_wconf 94' lang='lat' dir='ltr'>in</span> <span class='ocrx_word' id='word_1_16' title='bbox 700 459 785 500; x_wconf 85' lang='lat' dir='ltr'>quo</span> <span class='ocrx_word' id='word_1_17' title='bbox 819 446 1056 498; x_wconf 84' lang='lat' dir='ltr'>erraverint,</span> <span class='ocrx_word' id='word_1_18' title='bbox 1102 454 1216 499; x_wconf 89' lang='lat' dir='ltr'>patet</span> <span class='ocrx_word' id='word_1_19' title='bbox 1254 447 1370 500; x_wconf 90' lang='lat' dir='ltr'>quod</span> <span class='ocrx_word' id='word_1_20' title='bbox 1402 446 1613 487; x_wconf 84' lang='lat' dir='ltr'>sentencia</span> 
     </span>
     <span class='ocr_line' id='line_1_4' title="bbox 291 516 1612 569; baseline 0 -14"><span class='ocrx_word' id='word_1_21' title='bbox 291 529 458 556; x_wconf 90' lang='lat' dir='ltr'>summe</span> <span class='ocrx_word' id='word_1_22' title='bbox 500 516 681 556; x_wconf 90' lang='lat' dir='ltr'>heretica</span> <span class='ocrx_word' id='word_1_23' title='bbox 732 524 874 569; x_wconf 88' lang='lat' dir='ltr'>posset</span> <span class='ocrx_word' id='word_1_24' title='bbox 919 516 1057 569; x_wconf 85' lang='lat' dir='ltr'>colligi</span> <span class='ocrx_word' id='word_1_25' title='bbox 1103 516 1261 556; x_wconf 91' lang='lat' dir='ltr'>nedum</span> <span class='ocrx_word' id='word_1_26' title='bbox 1308 530 1354 556; x_wconf 85' lang='lat' dir='ltr'>ex</span> <span class='ocrx_word' id='word_1_27' title='bbox 1400 516 1612 556; x_wconf 79' lang='lat' dir='ltr'>sentencia</span> 
     </span>
     <span class='ocr_line' id='line_1_5' title="bbox 292 585 1613 640; baseline -0.002 -14"><span class='ocrx_word' id='word_1_28' title='bbox 292 586 460 640; x_wconf 83' lang='lat' dir='ltr'>dyaboli</span> <span class='ocrx_word' id='word_1_29' title='bbox 514 595 553 626; x_wconf 92' lang='lat' dir='ltr'>et</span> <span class='ocrx_word' id='word_1_30' title='bbox 599 585 894 625; x_wconf 90' lang='lat' dir='ltr'>membrorum</span> <span class='ocrx_word' id='word_1_31' title='bbox 943 599 1132 637; x_wconf 90' lang='lat' dir='ltr'>suorum,</span> <span class='ocrx_word' id='word_1_32' title='bbox 1185 586 1257 625; x_wconf 90' lang='lat' dir='ltr'>sed</span> <span class='ocrx_word' id='word_1_33' title='bbox 1305 599 1353 625; x_wconf 85' lang='lat' dir='ltr'>ex</span> <span class='ocrx_word' id='word_1_34' title='bbox 1402 585 1613 626; x_wconf 81' lang='lat' dir='ltr'>sentencia</span> 
     </span>
     <span class='ocr_line' id='line_1_6' title="bbox 259 655 1611 710; baseline -0.003 -12"><span class='ocrx_word' id='word_1_35' title='bbox 259 657 514 699; x_wconf 81' lang='lat' dir='ltr'>5doctorum</span> <span class='ocrx_word' id='word_1_36' title='bbox 548 655 870 697; x_wconf 89' lang='lat' dir='ltr'>catholicorum.</span> <span class='ocrx_word' id='word_1_37' title='bbox 905 656 1123 710; x_wconf 88' lang='lat' dir='ltr'>Dyabolus</span> <span class='ocrx_word' id='word_1_38' title='bbox 1157 655 1271 695; x_wconf 92' lang='lat' dir='ltr'>enim</span> <span class='ocrx_word' id='word_1_39' title='bbox 1304 669 1353 694; x_wconf 85' lang='lat' dir='ltr'>ex</span> <span class='ocrx_word' id='word_1_40' title='bbox 1384 664 1469 697; x_wconf 87' lang='lat' dir='ltr'>arte</span> <span class='ocrx_word' id='word_1_41' title='bbox 1491 669 1611 696; x_wconf 88' lang='lat' dir='ltr'>men-</span> 
     </span>
     <span class='ocr_line' id='line_1_7' title="bbox 291 725 1614 779; baseline -0.001 -13"><span class='ocrx_word' id='word_1_42' title='bbox 291 726 396 766; x_wconf 92' lang='lat' dir='ltr'>dacii</span> <span class='ocrx_word' id='word_1_43' title='bbox 429 725 621 766; x_wconf 85' lang='lat' dir='ltr'>inmiscet</span> <span class='ocrx_word' id='word_1_44' title='bbox 665 739 762 779; x_wconf 89' lang='lat' dir='ltr'>sepe</span> <span class='ocrx_word' id='word_1_45' title='bbox 803 740 902 765; x_wconf 91' lang='lat' dir='ltr'>cum</span> <span class='ocrx_word' id='word_1_46' title='bbox 941 726 1170 766; x_wconf 85' lang='lat' dir='ltr'>mendaciis</span> <span class='ocrx_word' id='word_1_47' title='bbox 1209 725 1442 777; x_wconf 86' lang='lat' dir='ltr'>veritatem,</span> <span class='ocrx_word' id='word_1_48' title='bbox 1487 725 1614 779; x_wconf 90' lang='lat' dir='ltr'>igitur</span> 
     </span>
     <span class='ocr_line' id='line_1_8' title="bbox 292 795 1612 850; baseline -0.002 -14"><span class='ocrx_word' id='word_1_49' title='bbox 292 797 463 850; x_wconf 84' lang='lat' dir='ltr'>quando</span> <span class='ocrx_word' id='word_1_50' title='bbox 495 795 571 836; x_wconf 88' lang='lat' dir='ltr'>rite</span> <span class='ocrx_word' id='word_1_51' title='bbox 604 796 766 849; x_wconf 88' lang='lat' dir='ltr'>capitur</span> <span class='ocrx_word' id='word_1_52' title='bbox 799 810 908 836; x_wconf 90' lang='lat' dir='ltr'>unus</span> <span class='ocrx_word' id='word_1_53' title='bbox 947 797 1096 836; x_wconf 86' lang='lat' dir='ltr'>doctor</span> <span class='ocrx_word' id='word_1_54' title='bbox 1133 796 1176 835; x_wconf 92' lang='lat' dir='ltr'>in</span> <span class='ocrx_word' id='word_1_55' title='bbox 1216 805 1379 848; x_wconf 85' lang='lat' dir='ltr'>testem,</span> <span class='ocrx_word' id='word_1_56' title='bbox 1425 795 1612 849; x_wconf 91' lang='lat' dir='ltr'>supponi</span> 
     </span>
     <span class='ocr_line' id='line_1_9' title="bbox 292 865 1611 920; baseline 0 -14"><span class='ocrx_word' id='word_1_57' title='bbox 292 867 414 906; x_wconf 87' lang='lat' dir='ltr'>debet</span> <span class='ocrx_word' id='word_1_58' title='bbox 458 866 573 920; x_wconf 88' lang='lat' dir='ltr'>quod</span> <span class='ocrx_word' id='word_1_59' title='bbox 617 879 703 905; x_wconf 92' lang='lat' dir='ltr'>non</span> <span class='ocrx_word' id='word_1_60' title='bbox 748 865 799 906; x_wconf 88' lang='lat' dir='ltr'>sit</span> <span class='ocrx_word' id='word_1_61' title='bbox 843 865 1074 906; x_wconf 89' lang='lat' dir='ltr'>contrarius</span> <span class='ocrx_word' id='word_1_62' title='bbox 1119 865 1178 905; x_wconf 92' lang='lat' dir='ltr'>illi</span> <span class='ocrx_word' id='word_1_63' title='bbox 1222 866 1265 905; x_wconf 93' lang='lat' dir='ltr'>in</span> <span class='ocrx_word' id='word_1_64' title='bbox 1307 867 1458 906; x_wconf 90' lang='lat' dir='ltr'>eodem</span> <span class='ocrx_word' id='word_1_65' title='bbox 1503 866 1611 906; x_wconf 90' lang='lat' dir='ltr'>libro</span> 
     </span>
     <span class='ocr_line' id='line_1_10' title="bbox 289 935 1610 989; baseline -0.001 -13"><span class='ocrx_word' id='word_1_66' title='bbox 289 945 328 976; x_wconf 93' lang='lat' dir='ltr'>et</span> <span class='ocrx_word' id='word_1_67' title='bbox 374 936 521 976; x_wconf 89' lang='lat' dir='ltr'>eadem</span> <span class='ocrx_word' id='word_1_68' title='bbox 566 935 739 976; x_wconf 89' lang='lat' dir='ltr'>materia</span> <span class='ocrx_word' id='word_1_69' title='bbox 784 936 902 976; x_wconf 87' lang='lat' dir='ltr'>cuius</span> <span class='ocrx_word' id='word_1_70' title='bbox 946 936 1204 976; x_wconf 82' lang='lat' dir='ltr'>sentenciam</span> <span class='ocrx_word' id='word_1_71' title='bbox 1249 944 1482 989; x_wconf 84' lang='lat' dir='ltr'>testaretur,</span> <span class='ocrx_word' id='word_1_72' title='bbox 1537 936 1610 977; x_wconf 91' lang='lat' dir='ltr'>etsi</span> 
     </span>
    </p>

    <p class='ocr_par' dir='ltr' id='par_1_3' title="bbox 235 1006 1612 1130">
     <span class='ocr_line' id='line_1_11' title="bbox 235 1006 1612 1060; baseline -0.001 -13"><span class='ocrx_word' id='word_1_73' title='bbox 235 1026 272 1048; x_wconf 85' lang='lat'>10</span> <span class='ocrx_word' id='word_1_74' title='bbox 289 1015 485 1060; x_wconf 84' lang='lat' dir='ltr'>arguatur</span> <span class='ocrx_word' id='word_1_75' title='bbox 516 1007 633 1060; x_wconf 90' lang='lat' dir='ltr'>quod</span> <span class='ocrx_word' id='word_1_76' title='bbox 667 1020 746 1059; x_wconf 86' lang='lat' dir='ltr'>ego</span> <span class='ocrx_word' id='word_1_77' title='bbox 780 1006 860 1046; x_wconf 90' lang='lat' dir='ltr'>sim</span> <span class='ocrx_word' id='word_1_78' title='bbox 892 1006 934 1045; x_wconf 92' lang='lat' dir='ltr'>in</span> <span class='ocrx_word' id='word_1_79' title='bbox 967 1008 1112 1047; x_wconf 90' lang='lat' dir='ltr'>eadem</span> <span class='ocrx_word' id='word_1_80' title='bbox 1155 1006 1478 1060; x_wconf 84' lang='lat' dir='ltr'>dampnacione,</span> <span class='ocrx_word' id='word_1_81' title='bbox 1515 1021 1612 1047; x_wconf 91' lang='lat' dir='ltr'>cum</span> 
     </span>
     <span class='ocr_line' id='line_1_12' title="bbox 289 1076 1611 1130; baseline 0 -14"><span class='ocrx_word' id='word_1_82' title='bbox 289 1077 425 1129; x_wconf 85' lang='lat' dir='ltr'>allego</span> <span class='ocrx_word' id='word_1_83' title='bbox 458 1090 536 1130; x_wconf 89' lang='lat' dir='ltr'>pro</span> <span class='ocrx_word' id='word_1_84' title='bbox 575 1089 660 1116; x_wconf 89' lang='lat' dir='ltr'>una</span> <span class='ocrx_word' id='word_1_85' title='bbox 704 1076 1005 1130; x_wconf 88' lang='lat' dir='ltr'>supposicione</span> <span class='ocrx_word' id='word_1_86' title='bbox 1050 1090 1178 1130; x_wconf 89' lang='lat' dir='ltr'>quam</span> <span class='ocrx_word' id='word_1_87' title='bbox 1224 1077 1433 1130; x_wconf 85' lang='lat' dir='ltr'>supposui</span> <span class='ocrx_word' id='word_1_88' title='bbox 1470 1086 1611 1118; x_wconf 88' lang='lat' dir='ltr'>totum</span> 
     </span>
    </p>
   </div>
   <div class='ocr_carea' id='block_1_3' title="bbox 1817 273 1901 314">
    <p class='ocr_par' dir='ltr' id='par_1_4' title="bbox 1817 273 1901 314">
     <span class='ocr_line' id='line_1_13' title="bbox 1817 273 1901 314; baseline 0.012 -1"><span class='ocrx_word' id='word_1_89' title='bbox 1817 273 1901 314; x_wconf 79' lang='lat'>499</span> 
     </span>
    </p>
   </div>
   <div class='ocr_carea' id='block_1_4' title="bbox 289 1147 1901 1201">
    <p class='ocr_par' dir='ltr' id='par_1_5' title="bbox 289 1147 1901 1201">
     <span class='ocr_line' id='line_1_14' title="bbox 289 1147 1901 1201; baseline 0.002 -15"><span class='ocrx_word' id='word_1_90' title='bbox 289 1148 514 1199; x_wconf 87' lang='lat' dir='ltr'>mundum,</span> <span class='ocrx_word' id='word_1_91' title='bbox 562 1156 602 1186; x_wconf 91' lang='lat' dir='ltr'>et</span> <span class='ocrx_word' id='word_1_92' title='bbox 647 1156 812 1187; x_wconf 88' lang='lat' dir='ltr'>constat</span> <span class='ocrx_word' id='word_1_93' title='bbox 858 1148 976 1201; x_wconf 88' lang='lat' dir='ltr'>quod</span> <span class='ocrx_word' id='word_1_94' title='bbox 1007 1147 1193 1187; x_wconf 90' lang='lat' dir='ltr'>mundus</span> <span class='ocrx_word' id='word_1_95' title='bbox 1240 1156 1302 1188; x_wconf 91' lang='lat' dir='ltr'>est</span> <span class='ocrx_word' id='word_1_96' title='bbox 1345 1148 1527 1187; x_wconf 86' lang='lat' dir='ltr'>mendax</span> <span class='ocrx_word' id='word_1_97' title='bbox 1573 1153 1679 1190; x_wconf 84' lang='lat' dir='ltr'>etMy</span> <span class='ocrx_word' id='word_1_98' title='bbox 1712 1154 1901 1189; x_wconf 73' lang='lat' dir='ltr'>opponent&#39;s</span> 
     </span>
    </p>
   </div>
   <div class='ocr_carea' id='block_1_5' title="bbox 230 1217 1611 2533">
    <p class='ocr_par' dir='ltr' id='par_1_6' title="bbox 230 1217 1611 2184">
     <span class='ocr_line' id='line_1_15' title="bbox 288 1217 1610 1272; baseline 0.001 -16"><span class='ocrx_word' id='word_1_99' title='bbox 288 1217 489 1270; x_wconf 86' lang='lat' dir='ltr'>proditor.</span> <span class='ocrx_word' id='word_1_100' title='bbox 531 1217 651 1257; x_wconf 88' lang='lat' dir='ltr'>Talia</span> <span class='ocrx_word' id='word_1_101' title='bbox 701 1227 843 1258; x_wconf 86' lang='lat' dir='ltr'>autem</span> <span class='ocrx_word' id='word_1_102' title='bbox 876 1227 1124 1271; x_wconf 79' lang='lat' dir='ltr'>argumenta</span> <span class='ocrx_word' id='word_1_103' title='bbox 1156 1231 1242 1257; x_wconf 87' lang='lat' dir='ltr'>non</span> <span class='ocrx_word' id='word_1_104' title='bbox 1276 1227 1374 1258; x_wconf 92' lang='lat' dir='ltr'>sunt</span> <span class='ocrx_word' id='word_1_105' title='bbox 1407 1218 1532 1272; x_wconf 83' lang='lat' dir='ltr'>digna</span> <span class='ocrx_word' id='word_1_106' title='bbox 1566 1226 1610 1257; x_wconf 89' lang='lat' dir='ltr'>ut</span> 
     </span>
     <span class='ocr_line' id='line_1_16' title="bbox 288 1287 1609 1342; baseline 0.001 -15"><span class='ocrx_word' id='word_1_107' title='bbox 288 1287 557 1328; x_wconf 85' lang='lat' dir='ltr'>remittantur</span> <span class='ocrx_word' id='word_1_108' title='bbox 588 1287 630 1327; x_wconf 94' lang='lat' dir='ltr'>in</span> <span class='ocrx_word' id='word_1_109' title='bbox 663 1287 805 1328; x_wconf 86' lang='lat' dir='ltr'>vicum</span> <span class='ocrx_word' id='word_1_110' title='bbox 839 1288 1052 1328; x_wconf 89' lang='lat' dir='ltr'>scolarum</span> <span class='ocrx_word' id='word_1_111' title='bbox 1085 1288 1364 1328; x_wconf 82' lang='lat' dir='ltr'>examinanda</span> <span class='ocrx_word' id='word_1_112' title='bbox 1397 1289 1609 1342; x_wconf 86' lang='lat' dir='ltr'>sophistis,</span> 
     </span>
     <span class='ocr_line' id='line_1_17' title="bbox 233 1357 1610 1413; baseline 0 -15"><span class='ocrx_word' id='word_1_113' title='bbox 233 1357 396 1400; x_wconf 82' lang='lat' dir='ltr'>15sicut</span> <span class='ocrx_word' id='word_1_114' title='bbox 448 1357 665 1397; x_wconf 89' lang='lat' dir='ltr'>conclusio</span> <span class='ocrx_word' id='word_1_115' title='bbox 719 1358 958 1411; x_wconf 85' lang='lat' dir='ltr'>supradicta</span> <span class='ocrx_word' id='word_1_116' title='bbox 1011 1372 1093 1412; x_wconf 88' lang='lat' dir='ltr'>que</span> <span class='ocrx_word' id='word_1_117' title='bbox 1137 1358 1259 1412; x_wconf 85' lang='lat' dir='ltr'>ponit</span> <span class='ocrx_word' id='word_1_118' title='bbox 1302 1359 1420 1413; x_wconf 90' lang='lat' dir='ltr'>quod</span> <span class='ocrx_word' id='word_1_119' title='bbox 1464 1359 1610 1399; x_wconf 88' lang='lat' dir='ltr'>eadem</span> 
     </span>
     <span class='ocr_line' id='line_1_18' title="bbox 291 1427 1611 1482; baseline 0.002 -16"><span class='ocrx_word' id='word_1_120' title='bbox 291 1427 462 1467; x_wconf 86' lang='lat' dir='ltr'>ecclesia</span> <span class='ocrx_word' id='word_1_121' title='bbox 509 1427 552 1467; x_wconf 87' lang='lat' dir='ltr'>in</span> <span class='ocrx_word' id='word_1_122' title='bbox 599 1441 779 1468; x_wconf 90' lang='lat' dir='ltr'>numero</span> <span class='ocrx_word' id='word_1_123' title='bbox 828 1442 910 1482; x_wconf 88' lang='lat' dir='ltr'>que</span> <span class='ocrx_word' id='word_1_124' title='bbox 961 1438 1058 1468; x_wconf 89' lang='lat' dir='ltr'>ante</span> <span class='ocrx_word' id='word_1_125' title='bbox 1106 1438 1290 1469; x_wconf 90' lang='lat' dir='ltr'>mortem</span> <span class='ocrx_word' id='word_1_126' title='bbox 1337 1428 1489 1469; x_wconf 89' lang='lat' dir='ltr'>Christi</span> <span class='ocrx_word' id='word_1_127' title='bbox 1534 1429 1611 1469; x_wconf 88' lang='lat' dir='ltr'>fuit</span> 
     </span>
     <span class='ocr_line' id='line_1_19' title="bbox 289 1498 1608 1553; baseline 0.001 -16"><span class='ocrx_word' id='word_1_128' title='bbox 289 1512 506 1553; x_wconf 84' lang='lat' dir='ltr'>synagoga</span> <span class='ocrx_word' id='word_1_129' title='bbox 538 1498 695 1552; x_wconf 84' lang='lat' dir='ltr'>incepit</span> <span class='ocrx_word' id='word_1_130' title='bbox 727 1508 824 1552; x_wconf 89' lang='lat' dir='ltr'>post</span> <span class='ocrx_word' id='word_1_131' title='bbox 857 1509 1041 1539; x_wconf 89' lang='lat' dir='ltr'>mortem</span> <span class='ocrx_word' id='word_1_132' title='bbox 1075 1499 1244 1551; x_wconf 85' lang='lat' dir='ltr'>Christi,</span> <span class='ocrx_word' id='word_1_133' title='bbox 1292 1500 1363 1539; x_wconf 91' lang='lat' dir='ltr'>sed</span> <span class='ocrx_word' id='word_1_134' title='bbox 1402 1498 1608 1539; x_wconf 88' lang='lat' dir='ltr'>brasiatri-</span> 
     </span>
     <span class='ocr_line' id='line_1_20' title="bbox 287 1568 1608 1624; baseline 0.001 -17"><span class='ocrx_word' id='word_1_135' title='bbox 287 1569 402 1608; x_wconf 89' lang='lat' dir='ltr'>cibus</span> <span class='ocrx_word' id='word_1_136' title='bbox 437 1569 751 1609; x_wconf 86' lang='lat' dir='ltr'>Oxoniensibus</span> <span class='ocrx_word' id='word_1_137' title='bbox 783 1570 990 1610; x_wconf 86' lang='lat' dir='ltr'>mittenda</span> <span class='ocrx_word' id='word_1_138' title='bbox 1025 1579 1086 1610; x_wconf 91' lang='lat' dir='ltr'>est</span> <span class='ocrx_word' id='word_1_139' title='bbox 1117 1569 1197 1609; x_wconf 89' lang='lat' dir='ltr'>ista</span> <span class='ocrx_word' id='word_1_140' title='bbox 1228 1569 1396 1624; x_wconf 84' lang='lat' dir='ltr'>argucia</span> <span class='ocrx_word' id='word_1_141' title='bbox 1429 1568 1608 1609; x_wconf 83' lang='lat' dir='ltr'>examini</span> 
     </span>
     <span class='ocr_line' id='line_1_21' title="bbox 287 1639 1610 1693; baseline 0 -15"><span class='ocrx_word' id='word_1_142' title='bbox 287 1639 543 1679; x_wconf 82' lang='lat' dir='ltr'>concludens</span> <span class='ocrx_word' id='word_1_143' title='bbox 568 1653 616 1679; x_wconf 82' lang='lat' dir='ltr'>ex</span> <span class='ocrx_word' id='word_1_144' title='bbox 639 1639 962 1693; x_wconf 88' lang='lat' dir='ltr'>particularibus</span> <span class='ocrx_word' id='word_1_145' title='bbox 985 1640 1232 1693; x_wconf 84' lang='lat' dir='ltr'>particulare</span> <span class='ocrx_word' id='word_1_146' title='bbox 1248 1639 1305 1680; x_wconf 89' lang='lat' dir='ltr'>eis</span> <span class='ocrx_word' id='word_1_147' title='bbox 1322 1639 1610 1693; x_wconf 89' lang='lat' dir='ltr'>impertinens,</span> 
     </span>
     <span class='ocr_line' id='line_1_22' title="bbox 230 1708 1608 1764; baseline 0 -16"><span class='ocrx_word' id='word_1_148' title='bbox 230 1727 270 1749; x_wconf 66' lang='grc' dir='ltr'>ρο</span> <span class='ocrx_word' id='word_1_149' title='bbox 286 1708 393 1748; x_wconf 90' lang='lat' dir='ltr'>sicut</span> <span class='ocrx_word' id='word_1_150' title='bbox 425 1709 647 1762; x_wconf 86' lang='lat' dir='ltr'>replicacio</span> <span class='ocrx_word' id='word_1_151' title='bbox 681 1723 764 1763; x_wconf 88' lang='lat' dir='ltr'>qua</span> <span class='ocrx_word' id='word_1_152' title='bbox 789 1710 950 1749; x_wconf 88' lang='lat' dir='ltr'>dictum</span> <span class='ocrx_word' id='word_1_153' title='bbox 974 1719 1034 1749; x_wconf 93' lang='lat' dir='ltr'>est</span> <span class='ocrx_word' id='word_1_154' title='bbox 1057 1711 1175 1764; x_wconf 84' lang='lat' dir='ltr'>quod</span> <span class='ocrx_word' id='word_1_155' title='bbox 1200 1723 1286 1749; x_wconf 91' lang='lat' dir='ltr'>non</span> <span class='ocrx_word' id='word_1_156' title='bbox 1309 1710 1419 1749; x_wconf 82' lang='lat' dir='ltr'>valet</span> <span class='ocrx_word' id='word_1_157' title='bbox 1451 1709 1608 1763; x_wconf 81' lang='lat' dir='ltr'>fingere</span> 
     </span>
     <span class='ocr_line' id='line_1_23' title="bbox 285 1777 1609 1833; baseline 0.002 -17"><span class='ocrx_word' id='word_1_158' title='bbox 285 1777 365 1818; x_wconf 89' lang='lat' dir='ltr'>hoc</span> <span class='ocrx_word' id='word_1_159' title='bbox 408 1779 473 1818; x_wconf 85' lang='lat' dir='ltr'>vel</span> <span class='ocrx_word' id='word_1_160' title='bbox 506 1779 607 1818; x_wconf 88' lang='lat' dir='ltr'>illud</span> <span class='ocrx_word' id='word_1_161' title='bbox 643 1779 750 1818; x_wconf 88' lang='lat' dir='ltr'>mitti</span> <span class='ocrx_word' id='word_1_162' title='bbox 801 1780 923 1819; x_wconf 89' lang='lat' dir='ltr'>debet</span> <span class='ocrx_word' id='word_1_163' title='bbox 953 1779 1249 1833; x_wconf 82' lang='lat' dir='ltr'>grammaticis,</span> <span class='ocrx_word' id='word_1_164' title='bbox 1302 1780 1414 1833; x_wconf 77' lang='lat' dir='ltr'>Ego,</span> <span class='ocrx_word' id='word_1_165' title='bbox 1459 1779 1609 1833; x_wconf 87' lang='lat' dir='ltr'>inquit,</span> 
     </span>
     <span class='ocr_line' id='line_1_24' title="bbox 286 1848 1610 1903; baseline 0.003 -18"><span class='ocrx_word' id='word_1_166' title='bbox 286 1849 404 1888; x_wconf 73' lang='lat' dir='ltr'>valeo</span> <span class='ocrx_word' id='word_1_167' title='bbox 438 1849 513 1888; x_wconf 80' lang='lat' dir='ltr'>hoc</span> <span class='ocrx_word' id='word_1_168' title='bbox 532 1848 711 1902; x_wconf 74' lang='lat' dir='ltr'>fingere</span> <span class='ocrx_word' id='word_1_169' title='bbox 755 1848 873 1903; x_wconf 65' lang='lat' dir='ltr'>&lt;iram</span> <span class='ocrx_word' id='word_1_170' title='bbox 905 1850 1015 1889; x_wconf 77' lang='lat' dir='ltr'>sicut</span> <span class='ocrx_word' id='word_1_171' title='bbox 1045 1857 1147 1889; x_wconf 78' lang='lat' dir='ltr'>sunt</span> <span class='ocrx_word' id='word_1_172' title='bbox 1186 1850 1308 1889; x_wconf 80' lang='lat' dir='ltr'>multi</span> <span class='ocrx_word' id='word_1_173' title='bbox 1346 1850 1507 1898; x_wconf 80' lang='lat' dir='ltr'>mundi,</span> <span class='ocrx_word' id='word_1_174' title='bbox 1550 1851 1610 1889; x_wconf 78' lang='lat' dir='ltr'>sic</span> 
     </span>
     <span class='ocr_line' id='line_1_25' title="bbox 288 1916 1607 1974; baseline 0.002 -17"><span class='ocrx_word' id='word_1_175' title='bbox 288 1916 419 1972; x_wconf 70' lang='lat' dir='ltr'>valet)</span> <span class='ocrx_word' id='word_1_176' title='bbox 448 1928 508 1958; x_wconf 88' lang='lat' dir='ltr'>est</span> <span class='ocrx_word' id='word_1_177' title='bbox 532 1919 788 1971; x_wconf 83' lang='lat' dir='ltr'>equivocum</span> <span class='ocrx_word' id='word_1_178' title='bbox 820 1919 932 1959; x_wconf 81' lang='lat' dir='ltr'>iuxta</span> <span class='ocrx_word' id='word_1_179' title='bbox 956 1919 1255 1971; x_wconf 85' lang='lat' dir='ltr'>grammaticos</span> <span class='ocrx_word' id='word_1_180' title='bbox 1289 1920 1346 1959; x_wconf 89' lang='lat' dir='ltr'>sic</span> <span class='ocrx_word' id='word_1_181' title='bbox 1369 1921 1607 1974; x_wconf 82' lang='lat' dir='ltr'>loquentes:</span> 
     </span>
     <span class='ocr_line' id='line_1_26' title="bbox 290 1988 1608 2042; baseline 0.002 -16"><span class='ocrx_word' id='word_1_182' title='bbox 290 1988 374 2036; x_wconf 80' lang='lat' dir='ltr'>Qui</span> <span class='ocrx_word' id='word_1_183' title='bbox 405 1989 515 2027; x_wconf 75' lang='lat' dir='ltr'>valet</span> <span class='ocrx_word' id='word_1_184' title='bbox 546 1989 617 2028; x_wconf 81' lang='lat' dir='ltr'>ille</span> <span class='ocrx_word' id='word_1_185' title='bbox 641 1996 795 2041; x_wconf 72' lang='lat' dir='ltr'>potest,</span> <span class='ocrx_word' id='word_1_186' title='bbox 829 1997 866 2029; x_wconf 78' lang='lat' dir='ltr'>et</span> <span class='ocrx_word' id='word_1_187' title='bbox 899 1991 972 2042; x_wconf 82' lang='lat' dir='ltr'>qui</span> <span class='ocrx_word' id='word_1_188' title='bbox 1004 1991 1113 2029; x_wconf 75' lang='lat' dir='ltr'>valet</span> <span class='ocrx_word' id='word_1_189' title='bbox 1141 1990 1207 2029; x_wconf 79' lang='lat' dir='ltr'>hic</span> <span class='ocrx_word' id='word_1_190' title='bbox 1236 1989 1402 2029; x_wconf 74' lang='lat' dir='ltr'>validus</span> <span class='ocrx_word' id='word_1_191' title='bbox 1425 1998 1509 2039; x_wconf 80' lang='lat' dir='ltr'>est,·</span> <span class='ocrx_word' id='word_1_192' title='bbox 1530 1990 1608 2029; x_wconf 90' lang='lat' dir='ltr'>im-</span> 
     </span>
     <span class='ocr_line' id='line_1_27' title="bbox 231 2059 1607 2113; baseline 0.002 -17"><span class='ocrx_word' id='word_1_193' title='bbox 231 2059 505 2110; x_wconf 80' lang='lat' dir='ltr'>25personale</span> <span class='ocrx_word' id='word_1_194' title='bbox 545 2072 657 2098; x_wconf 90' lang='lat' dir='ltr'>nunc</span> <span class='ocrx_word' id='word_1_195' title='bbox 697 2060 917 2112; x_wconf 84' lang='lat' dir='ltr'>personale</span> <span class='ocrx_word' id='word_1_196' title='bbox 956 2069 1137 2100; x_wconf 86' lang='lat' dir='ltr'>notatur.</span> <span class='ocrx_word' id='word_1_197' title='bbox 1186 2061 1302 2110; x_wconf 86' lang='lat' dir='ltr'>Quid</span> <span class='ocrx_word' id='word_1_198' title='bbox 1336 2074 1434 2113; x_wconf 80' lang='lat' dir='ltr'>ergo</span> <span class='ocrx_word' id='word_1_199' title='bbox 1468 2069 1607 2100; x_wconf 86' lang='lat' dir='ltr'>totum</span> 
     </span>
     <span class='ocr_line' id='line_1_28' title="bbox 286 2128 1500 2184; baseline 0.003 -18"><span class='ocrx_word' id='word_1_200' title='bbox 286 2141 417 2181; x_wconf 84' lang='lat' dir='ltr'>genus</span> <span class='ocrx_word' id='word_1_201' title='bbox 451 2128 678 2168; x_wconf 88' lang='lat' dir='ltr'>hominum</span> <span class='ocrx_word' id='word_1_202' title='bbox 709 2129 891 2169; x_wconf 87' lang='lat' dir='ltr'>iudicare</span> <span class='ocrx_word' id='word_1_203' title='bbox 925 2139 1062 2183; x_wconf 90' lang='lat' dir='ltr'>potest</span> <span class='ocrx_word' id='word_1_204' title='bbox 1094 2131 1144 2170; x_wconf 92' lang='lat' dir='ltr'>de</span> <span class='ocrx_word' id='word_1_205' title='bbox 1177 2130 1265 2171; x_wconf 89' lang='lat' dir='ltr'>istis</span> <span class='ocrx_word' id='word_1_206' title='bbox 1298 2128 1500 2184; x_wconf 82' lang='lat' dir='ltr'>arguciis?</span> 
     </span>
    </p>

    <p class='ocr_par' dir='ltr' id='par_1_7' title="bbox 236 2198 1609 2393">
     <span class='ocr_line' id='line_1_29' title="bbox 236 2198 1608 2240; baseline 0.001 -2"><span class='ocrx_word' id='word_1_207' title='bbox 236 2205 272 2238; x_wconf 91' lang='lat' dir='ltr'>H</span> <span class='ocrx_word' id='word_1_208' title='bbox 349 2198 594 2238; x_wconf 86' lang='lat' dir='ltr'>Secundum</span> <span class='ocrx_word' id='word_1_209' title='bbox 627 2210 923 2240; x_wconf 88' lang='lat' dir='ltr'>commentum</span> <span class='ocrx_word' id='word_1_210' title='bbox 961 2201 1169 2240; x_wconf 88' lang='lat' dir='ltr'>mendacii</span> <span class='ocrx_word' id='word_1_211' title='bbox 1216 2210 1277 2240; x_wconf 89' lang='lat' dir='ltr'>est</span> <span class='ocrx_word' id='word_1_212' title='bbox 1316 2201 1365 2240; x_wconf 90' lang='lat' dir='ltr'>de</span> <span class='ocrx_word' id='word_1_213' title='bbox 1406 2210 1608 2240; x_wconf 84' lang='lat' dir='ltr'>caractere</span> 
     </span>
     <span class='ocr_line' id='line_1_30' title="bbox 288 2268 1603 2323; baseline 0.002 -17"><span class='ocrx_word' id='word_1_214' title='bbox 288 2268 446 2307; x_wconf 88' lang='lat' dir='ltr'>ordinis</span> <span class='ocrx_word' id='word_1_215' title='bbox 479 2270 595 2321; x_wconf 81' lang='lat' dir='ltr'>quod</span> <span class='ocrx_word' id='word_1_216' title='bbox 629 2270 769 2309; x_wconf 89' lang='lat' dir='ltr'>solum</span> <span class='ocrx_word' id='word_1_217' title='bbox 803 2271 1088 2310; x_wconf 87' lang='lat' dir='ltr'>sacerdotibus</span> <span class='ocrx_word' id='word_1_218' title='bbox 1123 2270 1403 2323; x_wconf 85' lang='lat' dir='ltr'>imprimatur,</span> <span class='ocrx_word' id='word_1_219' title='bbox 1438 2279 1476 2310; x_wconf 89' lang='lat' dir='ltr'>et</span> <span class='ocrx_word' id='word_1_220' title='bbox 1509 2271 1603 2310; x_wconf 81' lang='lat' dir='ltr'>alle-</span> 
     </span>
     <span class='ocr_line' id='line_1_31' title="bbox 286 2338 1609 2393; baseline 0.002 -17"><span class='ocrx_word' id='word_1_221' title='bbox 286 2347 408 2391; x_wconf 83' lang='lat' dir='ltr'>gatur</span> <span class='ocrx_word' id='word_1_222' title='bbox 440 2338 480 2376; x_wconf 92' lang='lat' dir='ltr'>in</span> <span class='ocrx_word' id='word_1_223' title='bbox 514 2339 808 2379; x_wconf 86' lang='lat' dir='ltr'>testimonium</span> <span class='ocrx_word' id='word_1_224' title='bbox 832 2340 956 2380; x_wconf 89' lang='lat' dir='ltr'>huius</span> <span class='ocrx_word' id='word_1_225' title='bbox 989 2339 1136 2380; x_wconf 84' lang='lat' dir='ltr'>ficticie</span> <span class='ocrx_word' id='word_1_226' title='bbox 1161 2342 1459 2380; x_wconf 82' lang='lat' dir='ltr'>Bonaventura</span> <span class='ocrx_word' id='word_1_227' title='bbox 1483 2354 1609 2393; x_wconf 88' lang='lat' dir='ltr'>super</span> 
     </span>
    </p>

    <p class='ocr_par' dir='ltr' id='par_1_8' title="bbox 231 2409 1605 2533">
     <span class='ocr_line' id='line_1_32' title="bbox 231 2409 1605 2464; baseline 0 -16"><span class='ocrx_word' id='word_1_228' title='bbox 231 2417 272 2448; x_wconf 75' lang='lat'>30</span> <span class='ocrx_word' id='word_1_229' title='bbox 287 2409 379 2448; x_wconf 91' lang='lat' dir='ltr'>dist.</span> <span class='ocrx_word' id='word_1_230' title='bbox 414 2410 581 2460; x_wconf 53' lang='lat' dir='ltr'>XXIV-2,</span> <span class='ocrx_word' id='word_1_231' title='bbox 622 2411 757 2464; x_wconf 86' lang='lat' dir='ltr'>quarti</span> <span class='ocrx_word' id='word_1_232' title='bbox 792 2410 1130 2461; x_wconf 79' lang='lat' dir='ltr'>Sentenciarum3</span> <span class='ocrx_word' id='word_1_233' title='bbox 1175 2419 1214 2449; x_wconf 87' lang='lat' dir='ltr'>et</span> <span class='ocrx_word' id='word_1_234' title='bbox 1247 2424 1320 2462; x_wconf 85' lang='lat' dir='ltr'>per</span> <span class='ocrx_word' id='word_1_235' title='bbox 1352 2410 1454 2449; x_wconf 90' lang='lat' dir='ltr'>illud</span> <span class='ocrx_word' id='word_1_236' title='bbox 1488 2423 1605 2449; x_wconf 90' lang='lat' dir='ltr'>men-</span> 
     </span>
     <span class='ocr_line' id='line_1_33' title="bbox 289 2479 1605 2533; baseline 0.001 -16"><span class='ocrx_word' id='word_1_237' title='bbox 289 2479 456 2519; x_wconf 86' lang='lat' dir='ltr'>dacium</span> <span class='ocrx_word' id='word_1_238' title='bbox 489 2480 588 2519; x_wconf 83' lang='lat' dir='ltr'>dicit</span> <span class='ocrx_word' id='word_1_239' title='bbox 621 2494 662 2519; x_wconf 88' lang='lat' dir='ltr'>se</span> <span class='ocrx_word' id='word_1_240' title='bbox 696 2481 840 2520; x_wconf 88' lang='lat' dir='ltr'>tollere</span> <span class='ocrx_word' id='word_1_241' title='bbox 864 2481 1211 2533; x_wconf 86' lang='lat' dir='ltr'>supposicionem</span> <span class='ocrx_word' id='word_1_242' title='bbox 1245 2494 1374 2533; x_wconf 86' lang='lat' dir='ltr'>quam</span> <span class='ocrx_word' id='word_1_243' title='bbox 1398 2480 1605 2533; x_wconf 86' lang='lat' dir='ltr'>supposui</span> 
     </span>
    </p>
   </div>
   <div class='ocr_carea' id='block_1_6' title="bbox 286 2657 1604 2743">
    <p class='ocr_par' dir='ltr' id='par_1_9' title="bbox 286 2657 1604 2743">
     <span class='ocr_line' id='line_1_34' title="bbox 340 2657 1604 2698; baseline 0.003 -12"><span class='ocrx_word' id='word_1_244' title='bbox 340 2659 379 2688; x_wconf 88' lang='lat'>18.</span> <span class='ocrx_word' id='word_1_245' title='bbox 402 2660 434 2687; x_wconf 91' lang='lat' dir='ltr'>In</span> <span class='ocrx_word' id='word_1_246' title='bbox 455 2660 566 2689; x_wconf 85' lang='lat' dir='ltr'>codd.:</span> <span class='ocrx_word' id='word_1_247' title='bbox 588 2657 690 2687; x_wconf 62' lang='lat' dir='ltr'>Oxoff.</span> <span class='ocrx_word' id='word_1_248' title='bbox 835 2669 873 2688; x_wconf 56' lang='grc' dir='ltr'>τι.</span> <span class='ocrx_word' id='word_1_249' title='bbox 896 2662 927 2688; x_wconf 90' lang='lat' dir='ltr'>In</span> <span class='ocrx_word' id='word_1_250' title='bbox 944 2662 1056 2689; x_wconf 68' lang='lat' dir='ltr'>codd:</span> <span class='ocrx_word' id='word_1_251' title='bbox 1077 2662 1106 2689; x_wconf 93' lang='lat' dir='ltr'>in</span> <span class='ocrx_word' id='word_1_252' title='bbox 1129 2663 1211 2698; x_wconf 79' lang='lat' dir='ltr'>quia.</span> <span class='ocrx_word' id='word_1_253' title='bbox 1355 2671 1400 2696; x_wconf 60' lang='lat'>24.</span> <span class='ocrx_word' id='word_1_254' title='bbox 1423 2665 1450 2690; x_wconf 91' lang='lat' dir='ltr'><strong>A</strong></span> <span class='ocrx_word' id='word_1_255' title='bbox 1472 2664 1531 2698; x_wconf 55' lang='lat' dir='ltr'>Al:</span> <span class='ocrx_word' id='word_1_256' title='bbox 1553 2673 1604 2690; x_wconf 48' lang='lat' dir='ltr'>va*</span> 
     </span>
     <span class='ocr_line' id='line_1_35' title="bbox 286 2706 1604 2743; baseline 0.003 -11"><span class='ocrx_word' id='word_1_257' title='bbox 286 2706 366 2733; x_wconf 86' lang='lat' dir='ltr'>lidus</span> <span class='ocrx_word' id='word_1_258' title='bbox 387 2707 440 2739; x_wconf 80' lang='lat' dir='ltr'>sit;</span> <span class='ocrx_word' id='word_1_259' title='bbox 474 2706 511 2733; x_wconf 71' lang='lat' dir='ltr'>B:</span> <span class='ocrx_word' id='word_1_260' title='bbox 533 2707 652 2734; x_wconf 82' lang='lat' dir='ltr'>validus</span> <span class='ocrx_word' id='word_1_261' title='bbox 674 2708 713 2733; x_wconf 83' lang='lat' dir='ltr'>lit.</span> <span class='ocrx_word' id='word_1_262' title='bbox 859 2716 903 2743; x_wconf 81' lang='lat'>27.</span> <span class='ocrx_word' id='word_1_263' title='bbox 934 2710 962 2735; x_wconf 90' lang='lat' dir='ltr'><strong>A</strong></span> <span class='ocrx_word' id='word_1_264' title='bbox 983 2708 1011 2735; x_wconf 88' lang='lat' dir='ltr'>in</span> <span class='ocrx_word' id='word_1_265' title='bbox 1035 2717 1150 2743; x_wconf 61' lang='lat' dir='ltr'>marg:</span> <span class='ocrx_word' id='word_1_266' title='bbox 1172 2708 1352 2737; x_wconf 81' lang='lat' dir='ltr'>Secundum</span> <span class='ocrx_word' id='word_1_267' title='bbox 1380 2715 1604 2737; x_wconf 80' lang='lat' dir='ltr'>commentum.</span> 
     </span>
    </p>
   </div>
   <div class='ocr_carea' id='block_1_7' title="bbox 290 2838 1607 2989">
    <p class='ocr_par' dir='ltr' id='par_1_10' title="bbox 290 2838 1607 2989">
     <span class='ocr_line' id='line_1_36' title="bbox 349 2838 1607 2882; baseline 0.002 -14"><span class='ocrx_word' id='word_1_268' title='bbox 349 2847 402 2878; x_wconf 82' lang='lat'>27.</span> <span class='ocrx_word' id='word_1_269' title='bbox 430 2839 554 2881; x_wconf 87' lang='lat' dir='ltr'>Comp.</span> <span class='ocrx_word' id='word_1_270' title='bbox 574 2849 648 2881; x_wconf 88' lang='lat' dir='ltr'>cap.</span> <span class='ocrx_word' id='word_1_271' title='bbox 670 2838 756 2877; x_wconf 89' lang='lat' dir='ltr'>XIX,</span> <span class='ocrx_word' id='word_1_272' title='bbox 785 2848 817 2880; x_wconf 92' lang='lat' dir='ltr'>p.</span> <span class='ocrx_word' id='word_1_273' title='bbox 844 2848 920 2879; x_wconf 70' lang='lat'>441.</span> <span class='ocrx_word' id='word_1_274' title='bbox 1020 2839 1074 2873; x_wconf 74' lang='lat'>30.</span> <span class='ocrx_word' id='word_1_275' title='bbox 1095 2840 1157 2882; x_wconf 86' lang='lat' dir='ltr'>Cp.</span> <span class='ocrx_word' id='word_1_276' title='bbox 1179 2841 1421 2872; x_wconf 81' lang='lat' dir='ltr'>Bonaventura</span> <span class='ocrx_word' id='word_1_277' title='bbox 1452 2840 1525 2871; x_wconf 86' lang='lat' dir='ltr'>Lib.</span> <span class='ocrx_word' id='word_1_278' title='bbox 1552 2841 1607 2871; x_wconf 83' lang='lat' dir='ltr'>IV.</span> 
     </span>
     <span class='ocr_line' id='line_1_37' title="bbox 290 2895 1486 2941; baseline 0.005 -16"><span class='ocrx_word' id='word_1_279' title='bbox 290 2895 382 2927; x_wconf 82' lang='lat' dir='ltr'>Sent.</span> <span class='ocrx_word' id='word_1_280' title='bbox 410 2896 487 2927; x_wconf 89' lang='lat' dir='ltr'>dist.</span> <span class='ocrx_word' id='word_1_281' title='bbox 514 2897 637 2938; x_wconf 88' lang='lat' dir='ltr'>XXIV,</span> <span class='ocrx_word' id='word_1_282' title='bbox 663 2906 743 2938; x_wconf 83' lang='lat' dir='ltr'>pars</span> <span class='ocrx_word' id='word_1_283' title='bbox 771 2897 809 2933; x_wconf 88' lang='lat' dir='ltr'>ll,</span> <span class='ocrx_word' id='word_1_284' title='bbox 837 2897 907 2927; x_wconf 80' lang='lat' dir='ltr'>Art.</span> <span class='ocrx_word' id='word_1_285' title='bbox 937 2897 958 2937; x_wconf 82' lang='grc' dir='ltr'>Ι,</span> <span class='ocrx_word' id='word_1_286' title='bbox 985 2908 1015 2939; x_wconf 88' lang='lat' dir='ltr'>q.</span> <span class='ocrx_word' id='word_1_287' title='bbox 1048 2899 1070 2930; x_wconf 89' lang='lat' dir='ltr'>I.</span> <span class='ocrx_word' id='word_1_288' title='bbox 1099 2899 1191 2941; x_wconf 84' lang='lat' dir='ltr'>Opp.</span> <span class='ocrx_word' id='word_1_289' title='bbox 1219 2899 1274 2939; x_wconf 81' lang='lat' dir='ltr'>lV,</span> <span class='ocrx_word' id='word_1_290' title='bbox 1302 2908 1378 2940; x_wconf 82' lang='lat' dir='ltr'>pag.</span> <span class='ocrx_word' id='word_1_291' title='bbox 1406 2897 1486 2931; x_wconf 73' lang='lat'><strong>650.</strong></span> 
     </span>
     <span class='ocr_line' id='line_1_38' title="bbox 1424 2957 1488 2989; baseline -0.016 0"><span class='ocrx_word' id='word_1_292' title='bbox 1424 2957 1488 2989; x_wconf 63' lang='lat' dir='ltr'>32⁹e</span> 
     </span>
    </p>
   </div>
   <div class='ocr_carea' id='block_1_8' title="bbox 1634 1194 1890 1224">
    <p class='ocr_par' dir='ltr' id='par_1_11' title="bbox 1634 1194 1890 1224">
     <span class='ocr_line' id='line_1_39' title="bbox 1634 1194 1890 1224; baseline -0.004 -8"><span class='ocrx_word' id='word_1_293' title='bbox 1634 1194 1818 1224; x_wconf 70' lang='lat' dir='ltr'>arguments</span> <span class='ocrx_word' id='word_1_294' title='bbox 1839 1197 1890 1217; x_wconf 73' lang='grc' dir='ltr'>3Γὲ</span> 
     </span>
    </p>
   </div>
   <div class='ocr_carea' id='block_1_9' title="bbox 1687 1224 1848 1252">
    <p class='ocr_par' dir='ltr' id='par_1_12' title="bbox 1687 1224 1848 1252">
     <span class='ocr_line' id='line_1_40' title="bbox 1687 1224 1848 1252; baseline 0.006 -1"><span class='ocrx_word' id='word_1_295' title='bbox 1687 1224 1848 1252; x_wconf 85' lang='lat' dir='ltr'>frivolous.</span> 
     </span>
    </p>
   </div>
   <div class='ocr_carea' id='block_1_10' title="bbox 1638 2217 1887 2428">
    <p class='ocr_par' dir='ltr' id='par_1_13' title="bbox 1638 2217 1887 2316">
     <span class='ocr_line' id='line_1_41' title="bbox 1638 2217 1887 2252; baseline 0.008 -9"><span class='ocrx_word' id='word_1_296' title='bbox 1638 2217 1683 2244; x_wconf 84' lang='lat' dir='ltr'>He</span> <span class='ocrx_word' id='word_1_297' title='bbox 1703 2218 1817 2252; x_wconf 76' lang='lat' dir='ltr'>alleges</span> <span class='ocrx_word' id='word_1_298' title='bbox 1838 2219 1887 2246; x_wconf 82' lang='lat' dir='ltr'>the</span> 
     </span>
     <span class='ocr_line' id='line_1_42' title="bbox 1658 2254 1868 2289; baseline 0.005 -9"><span class='ocrx_word' id='word_1_299' title='bbox 1658 2254 1814 2289; x_wconf 81' lang='lat' dir='ltr'>authority</span> <span class='ocrx_word' id='word_1_300' title='bbox 1834 2254 1868 2281; x_wconf 90' lang='lat' dir='ltr'>of</span> 
     </span>
     <span class='ocr_line' id='line_1_43' title="bbox 1653 2289 1869 2316; baseline 0.005 -1"><span class='ocrx_word' id='word_1_301' title='bbox 1653 2289 1869 2316; x_wconf 75' lang='lat' dir='ltr'>ssonaventura</span> 
     </span>
    </p>

    <p class='ocr_par' dir='ltr' id='par_1_14' title="bbox 1658 2326 1869 2428">
     <span class='ocr_line' id='line_1_44' title="bbox 1686 2326 1841 2350; baseline 0.013 -2"><span class='ocrx_word' id='word_1_302' title='bbox 1686 2331 1719 2349; x_wconf 75' lang='lat' dir='ltr'>as</span> <span class='ocrx_word' id='word_1_303' title='bbox 1740 2329 1769 2350; x_wconf 82' lang='lat'>10</span> <span class='ocrx_word' id='word_1_304' title='bbox 1791 2326 1841 2350; x_wconf 78' lang='lat' dir='ltr'>the</span> 
     </span>
     <span class='ocr_line' id='line_1_45' title="bbox 1664 2358 1869 2393; baseline 0 -8"><span class='ocrx_word' id='word_1_305' title='bbox 1664 2358 1813 2393; x_wconf 64' lang='lat' dir='ltr'>“summ&#39;’</span> <span class='ocrx_word' id='word_1_306' title='bbox 1834 2358 1869 2385; x_wconf 81' lang='lat' dir='ltr'>of</span> 
     </span>
     <span class='ocr_line' id='line_1_46' title="bbox 1658 2393 1851 2428; baseline 0.005 -9"><span class='ocrx_word' id='word_1_307' title='bbox 1658 2393 1851 2428; x_wconf 73' lang='lat' dir='ltr'>priesthood.</span> 
     </span>
    </p>
   </div>
  </div>
 </body>
</html>
