2045 3312
147 302 228 354 374
863 303 1090 336 JOHANNtS
1116 302 1310 334 wvemr.
1548 286 1658 344 [CAP.
1677 297 1760 325 xw.

176 423 398 462 xvim-nimum
439 413 728 453 universitates
773 422 811 450 et
858 408 1147 449 clerimoniam
1196 408 1307 461 regni
1357 408 1502 453 nostri,
1549 420 1599 446 eo
1645 407 1917 458 qUOd181'¹N

174 460 380 521 bssiiiegnziiffis
438 484 502 522 vel
536 482 663 522 divise
710 490 807 521 sunt
852 479 1021 520 ecclesie
1065 479 1130 518 vel
1176 478 1365 532 cognatis
1409 487 1446 517 et
1491 476 1764 516 familiaribus

211 530 361 564 panshes,
441 562 719 607 patronorum
756 550 1003 591 clericorum
1039 548 1261 588 infideliter
1294 547 1524 597 distribute,
1559 546 1615 586 sic
1649 546 1765 600 quod

444 623 518 662 nisi
543 624 656 662 Deus
691 620 925 673 reliquisset
958 619 1081 658 nobis
1104 632 1248 658 semen
1283 618 1323 656 in
1349 616 1606 657 fundacione
1639 616 1765 655 colle-

440 693 606 747 giorum
643 707 690 731 ex
723 690 894 730 licencia
929 703 1073 743 regum
1105 688 1257 741 Anglie
1290 688 1431 741 quoad
1477 686 1802 727 clerimoniam5

443 763 560 817 quasi
595 763 786 802 Sodoma
826 760 1071 812 fuissemus;
1119 759 1269 799 melius
1317 767 1455 797 tamen
1503 757 1609 796 foret
1653 757 1768 809 quod

444 833 619 887 quilibet
678 831 923 884 collegiatus
986 839 1108 883 aptus
1171 830 1221 868 ad
1283 828 1468 881 regimen
1531 826 1766 866 animarum

444 904 615 942 haberet
647 901 865 942 ecclesiam
922 915 1002 954 que
1048 900 1128 940 iam
1165 899 1462 952 appropriatur
1508 896 1768 936 monasterio

445 973 509 1013 cui
557 981 725 1026 pastum
773 971 1031 1024 spiritualem
1079 979 1117 1010 et
1157 978 1415 1009 sacramenta
1462 968 1598 1007 debite
1644 967 1767 1005 mini-

447 1052 604 1083 straret.
640 1043 764 1082 Tunc
798 1042 908 1081 enim
945 1049 1261 1094 prosperaretur
1292 1053 1468 1091 regnum
1505 1038 1546 1076 in
1570 1050 1768 1090 corpora-
1792 1055 1830 1076 10

447 1114 556 1153 libus
590 1122 630 1153 et
674 1112 958 1166 spiritualibus
1006 1120 1046 1150 et
1093 1119 1293 1150 cresceret
1339 1108 1584 1149 universitas
1631 1116 1770 1146 nostra

201 1200 236 1218 so
257 1191 320 1218 that
341 1190 391 1217 1¹¹0
447 1194 531 1224 tam
583 1197 762 1223 numero
808 1196 933 1235 quam
984 1182 1156 1231 virtute;
1212 1181 1252 1219 in
1299 1179 1416 1220 cuius
1462 1179 1629 1232 signum
1677 1186 1773 1217 ante

185 1226 403 1288 fflffiffisfuffl
448 1254 766 1294 catheclismum
783 1251 1145 1306 appropriacionis
1160 1249 1406 1291 huiusmodi
1423 1258 1537 1288 erant
1553 1249 1593 1287 in
1606 1247 1774 1287 Oxonia

172 1298 267 1324 samu
290 1295 415 1331 grem).
449 1325 663 1377 sexaginta
696 1323 811 1363 milia
845 1323 1085 1374 scolarium,
1131 1322 1200 1361 ubi
1247 1321 1374 1360 hodie
1421 1333 1508 1358 non
1555 1327 1652 1358 sunt
1685 1317 1773 1357 tria.

451 1395 706 1436 Universitas
740 1393 871 1433 eciam
919 1393 1013 1446 plus
1058 1391 1202 1432 crescit
1250 1391 1376 1430 hodie
1409 1404 1482 1444 per
1525 1388 1832 1442 presbiter0315

451 1465 664 1504 mobiliter
710 1463 1017 1514 conducticios,
1064 1476 1189 1516 quam
1241 1461 1387 1501 crescit
1434 1474 1508 1514 per
1553 1466 1776 1513 perpetuas

451 1536 665 1583 cantarias,
711 1548 786 1574 nec
836 1542 1051 1587 oporteret
1084 1533 1233 1572 habere
1265 1540 1330 1571 tot
1370 1530 1584 1584 privilegia
1622 1543 1644 1568 a
1683 1542 1776 1581 rege

451 1606 528 1645 nisi
563 1605 661 1659 quia
699 1605 754 1643 ob
787 1603 994 1642 defectum
1029 1603 1295 1642 sacerdotum
1319 1610 1357 1641 et
1381 1599 1773 1654 supplantacionem

452 1675 767 1729 privilegiorum
803 1674 1023 1727 laycorum
1056 1686 1128 1725 per
1160 1671 1331 1711 clericos
1371 1670 1475 1725 layci
1515 1669 1572 1709 eis
1606 1678 1777 1722 propter

453 1745 742 1785 sensacionem
779 1743 927 1782 iniurie
962 1742 1125 1796 oppido
1159 1751 1257 1782 sunt
1289 1740 1439 1781 infesti.
1487 1739 1599 1779 Olim
1635 1748 1772 1778 autem
1792 1752 1835 1774 20

455 1829 539 1855 non
558 1814 636 1854 fuit
658 1813 870 1854 sentencia
893 1813 968 1852 ista
991 1812 1172 1851 heretica
1189 1820 1283 1850 ante
1303 1810 1574 1850 dotacionem
1594 1808 1777 1859 ecclesie,

454 1887 626 1940 quando
660 1885 700 1923 in
735 1898 781 1923 ea
823 1883 1057 1922 floruerunt
1102 1882 1306 1922 catholice
1350 1880 1555 1920 veritates.
1617 1879 1777 1919 Ymmo

457 1956 506 2010 (si
543 1969 630 1995 non
665 1953 805 2008 fallor)
842 1961 1011 1993 sonaret
1043 1952 1095 1992 ad
1130 1951 1476 1992 emendacionem
1529 1948 1696 1989 ecclesie
1742 1957 1779 1988 et

455 2027 506 2066 ad
541 2025 873 2066 stabilimentum
912 2023 1025 2077 regni
1061 2031 1099 2062 et
1131 2023 1182 2062 ad
1216 2021 1455 2075 profectum
1490 2019 1779 2071 cuiuscunque

459 2097 636 2136 membri
671 2095 840 2136 ecclesie
872 2103 960 2134 tam
990 2093 1073 2132 vivi
1107 2107 1235 2147 quam
1269 2091 1427 2131 mortui
1461 2090 1580 2144 quod
1603 2088 1778 2142 proviso
1797 2092 1836 2124 25

459 2167 626 2207 cuilibet
649 2165 799 2206 clerico
833 2165 1067 2205 secundum
1097 2163 1288 2202 ordinem
1314 2175 1441 2202 suum
1472 2161 1522 2200 de
1545 2158 1779 2198 necessario

511 2348 539 2372 15.
564 2337 761 2371 131n1narg.z
783 2335 949 2371 Approbat
971 2340 1002 2363 ut
1022 2334 1144 2362 videtur
1158 2333 1322 2369 collegium
1344 2331 1590 2360 universitatum.
1641 2331 1670 2359 6.
1692 2339 1718 2367 7.
1740 2330 1780 2358 B:

460 2385 543 2421 qnod
565 2384 678 2420 quibus
700 2382 894 2416 collegiatus.
1039 2380 1066 2407 8.
1089 2380 1127 2407 13:
1149 2388 1208 2416 que
1228 2384 1290 2408 tam
1313 2378 1546 2415 appropriatur.
1676 2386 1718 2411 ¹4-
1740 2377 1779 2404 B:

460 2431 618 2466 sexaginta
648 2438 701 2457 sex
730 2429 833 2457 millia.
873 2430 901 2456 A
931 2429 958 2456 in
988 2435 1104 2462 marg:
1137 2426 1304 2461 Sexaginta
1336 2426 1431 2454 millia
1461 2425 1626 2453 scolarium
1658 2425 1783 2453 suerunt

461 2477 594 2514 Oxonie,
616 2477 684 2504 vide
705 2484 800 2511 supra
820 2475 938 2509 (Below
953 2474 1015 2502 181⁵*
1033 2473 1160 2501 without
1177 2474 1263 2501 marl<
1279 2473 1313 2501 ot'
1327 2472 1509 2506 reference).
1624 2469 1667 2498 23.
1684 2471 1780 2505 AA1:

461 2524 497 2551 Et
520 2540 547 2544 —-
571 2522 701 2551 ecclesie
724 2522 819 2550 deest.

526 2642 575 2674 13.
602 2641 720 2673 There
753 2640 780 2672 is
808 2650 823 2671 a
857 2649 1004 2683 passage
1036 2640 1069 2671 in
1101 2640 1174 2671 Fitz
1196 2637 1341 2681 Ralph's
1368 2636 1534 2669 Defensio
1573 2637 1781 2668 Curatorum

463 2712 508 2733 on
544 2700 602 2732 the
640 2698 807 2730 numbers
841 2704 874 2730 at
901 2697 1048 2730 Oxford.
1076 2697 1128 2728 He
1155 2707 1234 2739 says
1259 2695 1333 2728 that
1358 2701 1499 2738 parents
1527 2705 1583 2726 are
1609 2694 1716 2726 afraid
1745 2701 1780 2725 to

464 2759 548 2791 send
578 2757 669 2791 their
695 2756 851 2789 children
881 2756 944 2787 lest
971 2756 1030 2787 the
1059 2754 1156 2787 friars
1182 2754 1311 2785 should
1340 2759 1397 2795 get
1429 2752 1512 2784 hold
1541 2752 1581 2783 of
1603 2751 1698 2784 them
1727 2758 1782 2792 „et

465 2819 512 2849 sic
540 2816 575 2848 fit
603 2816 698 2859 quod
726 2814 783 2846 ubi
813 2815 845 2846 in
874 2814 991 2846 studio
1018 2813 1208 2845 Oxoniensi
1236 2812 1350 2844 adhuc
1384 2821 1463 2843 meo
1497 2817 1658 2853 tempore
1685 2816 1783 2841 erant

465 2875 603 2916 triginta
631 2874 738 2905 millia
765 2871 982 2904 studentium
1013 2882 1080 2903 non
1102 2870 1322 2914 reperiuntur
1348 2879 1404 2900 sex
1432 2869 1539 2900 millia
1558 2868 1611 2899 his
1628 2867 1782 2899 diebus''.

466 2933 625 2965 nrown's
653 2931 854 2963 Fasciculus
882 2931 921 2970 ll,
949 2930 1027 2972 473.
1054 2929 1157 2973 Apud
1186 2928 1345 2969 Goldast,
1387 2925 1589 2958 Monarchia
1615 2926 1653 2967 ΙΙ,
1687 2924 1769 2970 1398
