2045 3312
115 283 198 335 450
842 292 1066 324 JOHANNIS
1094 293 1286 326 WYCLIF.
1529 280 1634 339 [CAP.
1649 291 1729 320 xix.

405 398 591 437 raciones
625 397 739 437 enim
771 411 844 451 per
869 398 977 437 viam
1001 407 1099 438 sunt
1122 399 1245 438 nimis
1272 400 1506 452 periculose
1540 410 1579 440 et
1602 401 1727 439 nimis
1748 409 1826 454 190d
1844 411 1879 443 H

405 481 429 506 a
461 467 751 520 predicacione
785 468 986 522 evangelii
1019 469 1235 508 tardative.

149 548 173 576 lt
193 548 219 575 is
241 557 256 576 a
277 555 361 575 mere
465 539 551 577 Nec
584 538 695 578 valet
725 537 846 578 ficcio
880 552 964 592 qua
998 538 1150 578 dicitur
1181 540 1433 593 temporalia
1465 554 1541 593 pro
1575 540 1728 594 quibus

117 589 263 619 pretence
284 589 316 611 10
337 591 392 611 SaV

115 620 392 690 igsstedtiigmcpigrgl)
411 609 681 648 contenditur
728 622 816 648 esse
861 607 1014 648 Christi
1074 609 1282 663 discipulo
1334 623 1410 663 pro
1462 624 1540 650 suo
1585 609 1728 650 officio

188 668 197 681 ι

114 691 313 730 ροςεςεςῑοηξ
345 690 392 717 for
407 679 637 719 necessaria
670 680 963 733 instrumenta,
997 680 1095 733 quia
1119 690 1348 734 exequatur
1379 694 1507 720 suum
1539 679 1763 722 officium5

144 727 224 752 mm
245 726 359 752 dune&
405 749 493 789 sine
518 749 854 802 retrospeccione
878 751 930 789 ad
952 750 1215 803 temporalia,
1240 760 1279 790 et
1302 764 1388 790 non
1413 760 1473 791 est
1495 752 1729 805 compossi-

404 819 485 858 bile
534 820 671 859 Deum
716 820 791 859 sibi
827 818 1003 859 deficere
1049 820 1091 858 in
1139 821 1444 873 temporalibus
1490 822 1730 862 necessariis

404 903 491 929 non
524 891 575 929 ad
608 903 730 930 onus,
766 891 864 929 Ideo
898 889 997 930 dicit
1022 891 1257 943 Apostolus
1292 891 1398 930 Heb.
1433 891 1603 931 ultimo:
1641 893 1732 931 Sint

404 974 543 999 mores
575 960 667 1000 Sine
705 960 910 1009 avaricia,
944 961 1126 1000 contenti
1150 962 1437 1014 presentibus.
1491 961 1590 1015 Ipse
1621 963 1729 1002 enim

403 1030 532 1070 dixit:
554 1031 650 1071 Non
676 1037 714 1070 te
736 1030 930 1070 deseram
967 1044 1102 1084 neque
1135 1032 1443 1085 derelinquam,
1478 1033 1534 1071 ita
1560 1040 1604 1072 ut
1636 1046 1732 1071 con-
1755 1051 1792 1072 ιο

389 1100 582 1154 fidenter
604 1101 822 1141 dicamus:
843 1101 1058 1141 Dominus
1098 1102 1202 1142 milzz·
1234 1102 1419 1148 adiutor,
1460 1116 1541 1142 non
1581 1104 1733 1142 timebo

405 1171 661 1225 quidfaciat
683 1173 786 1211 mihi
807 1173 944 1213 homo.
965 1172 1064 1212 Ideo
1080 1173 1178 1213 dicit
1194 1173 1340 1213 beatus
1358 1173 1585 1227 GregorIus
1601 1173 1731 1213 Ome-

404 1243 457 1282 lia
480 1242 634 1281 XVltss:
670 1243 932 1282 Predicatori
964 1250 1081 1282 tanta
1114 1243 1233 1282 debet
1255 1257 1347 1283 esse
1376 1245 1418 1283 in
1455 1244 1546 1283 Deo
1563 1243 1732 1297 fiducia

408 1314 678 1365 utpresentis
697 1313 776 1352 vite
795 1320 993 1366 sumptus
1011 1314 1205 1366 quamvis
1227 1327 1308 1352 non
1327 1313 1565 1366 provideat,
1591 1321 1731 1353 tamen

405 1384 481 1422 lios
516 1396 597 1422 non
620 1383 702 1422 sibi
723 1383 867 1423 deesse
888 1384 1123 1424 certissime
1144 1384 1263 1435 sciat,
1299 1397 1349 1423 ne
1378 1384 1478 1423 dunt
1501 1398 1619 1424 mens
1643 1385 1732 1423 eius
1755 1392 1790 1424 15

405 1460 636 1507 occupetur
657 1453 713 1493 ad
735 1455 1003 1507 temporalia,
1029 1455 1169 1494 minus
1193 1455 1289 1494 aliis
1313 1455 1538 1507 provideat
1570 1461 1731 1494 eterna.

165 1534 254 1563 Nono
275 1542 331 1561 can
467 1525 585 1575 Item,
620 1538 670 1563 eo
703 1524 796 1576 ipso
831 1538 917 1578 quo
950 1525 1044 1578 quis
1078 1534 1139 1565 est
1171 1539 1256 1564 non
1304 1525 1546 1564 membrum
1590 1534 1772 1566 sancte3
1797 1533 1816 1566 Ι

113 1571 224 1606 risshtly
246 1570 318 1597 hold
339 1570 390 1596 the

143 1606 320 1669 qairbmoniy
341 1605 376 1667 gf
407 1594 550 1633 matris
578 1594 749 1634 ecclesie
779 1603 839 1634 est
867 1595 1064 1648 indignus
1089 1595 1239 1634 habere
1263 1595 1566 1647 patrimonium
1583 1594 1728 1635 Cruci-

140 1648 190 1668 lle
233 1649 297 1668 rllCl
314 1649 338 1667 le

133 1677 188 1703 but
215 1676 373 1717 megistum-s
407 1662 476 1703 fixi
509 1663 633 1703 titulo
666 1664 731 1703 vel
765 1664 852 1704 iure
875 1664 949 1703 viri
975 1665 1254 1713 ecclesiastici,
1289 1666 1359 1704 sed
1393 1665 1571 1704 omnino
1606 1664 1729 1704 iudex

113 1711 146 1738 of
173 1711 223 1738 the
254 1711 390 1746 chureii,
408 1734 710 1774 ecclesiasticus
756 1735 821 1774 cui
872 1748 959 1774 non
1004 1735 1055 1775 sit
1098 1736 1148 1774 de
1193 1735 1273 1774 hoc
1307 1735 1496 1789 specialis
1528 1735 1730 1775 revelacio
1748 1755 1791 1776 20

408 1803 574 1857 ignorat
589 1805 620 1843 si
645 1805 755 1844 dicta
778 1819 958 1858 persona
981 1806 1239 1845 contendens
1259 1805 1310 1845 sit
1328 1807 1569 1845 membrum
1592 1815 1733 1845 sancte

408 1875 552 1915 matris
597 1875 789 1926 ecclesie,
849 1889 947 1929 ergo
995 1875 1160 1928 ignorat
1204 1875 1234 1915 si
1280 1875 1331 1915 sit
1383 1876 1534 1929 dignus
1582 1876 1733 1916 habere

409 1945 716 1998 patrimonium
748 1946 1032 1988 vendicatum.
1067 1950 1351 2000 Assumptum
1386 1956 1501 2000 patet
1534 1961 1583 1986 eo
1617 1947 1732 2000 quod

407 2015 564 2055 nullius
597 2016 768 2056 alterius
803 2016 974 2056 ecclesie
1019 2030 1200 2069 persona
1246 2016 1324 2055 nisi
1371 2030 1551 2070 persona
1594 2026 1733 2056 sancte

409 2085 552 2125 matris
586 2086 757 2126 ecclesia
790 2086 915 2126 habet
946 2086 1070 2126 titulo
1103 2086 1213 2127 illius
1246 2087 1417 2126 ecclesie
1440 2088 1627 2127 colorem
1659 2087 1731 2126 ali·
1750 2094 1790 2126 25

408 2155 510 2209 quid
543 2156 805 2207 vendicandi,
840 2170 939 2196 cum
971 2157 1022 2197 sit
1057 2157 1107 2196 de
1140 2157 1303 2196 civitate
1337 2166 1377 2197 et
1409 2171 1583 2211 corpore
1630 2158 1730 2211 dya-

408 2225 506 2276 boli,
542 2226 774 2266 contrarius
806 2226 939 2280 prime
972 2226 1147 2267 iusticie.
1184 2227 1237 2266 Et
1259 2227 1394 2267 maior
1425 2236 1539 2281 patet
1572 2241 1619 2266 ex
1650 2227 1731 2267 hoc

407 2297 523 2349 quod
557 2297 700 2336 nullus
732 2296 856 2337 iudex
891 2297 1194 2337 ecclesiasticus
1227 2297 1434 2337 subducta
1472 2298 1731 2337 revelacione

407 2366 591 2419 predicta
630 2366 707 2406 scit
745 2367 779 2406 si
819 2367 924 2407 alius
970 2367 1023 2407 sit
1066 2366 1388 2420 predestinatus,
1436 2376 1475 2407 et
1519 2381 1591 2420 per
1630 2381 1729 2407 con-

407 2450 600 2490 sequens,
633 2436 664 2475 si
698 2436 750 2476 sit
781 2438 1025 2477 membrum
1059 2446 1199 2478 sancte
1229 2437 1374 2477 matris
1401 2438 1585 2477 ecclesie.
1620 2437 1731 2478 Cum
1748 2445 1790 2477 30

407 2520 505 2560 ergo
547 2505 873 2547 fundamentum
907 2507 1043 2547 tocius
1077 2507 1176 2546 iuris
1209 2507 1497 2547 contencionis
1530 2507 1637 2547 foret
1669 2507 1730 2546 in-

408 2576 653 2629 corporacio
705 2591 789 2631 qua
847 2579 1106 2617 contendens
1152 2577 1258 2617 foret
1302 2578 1352 2616 de
1410 2586 1552 2618 sancta
1601 2586 1732 2617 matre

408 2648 593 2700 ecclesia,
627 2649 745 2702 quod
778 2662 852 2688 nec
886 2649 1146 2689 contendens
1179 2648 1255 2688 scit
1294 2649 1444 2688 docere
1489 2661 1564 2687 nec
1608 2647 1731 2687 iudex

460 2771 486 2800 3.
506 2773 536 2800 A
555 2773 585 2800 in
607 2780 723 2808 marg.:
752 2772 867 2800 Ficcio.
1012 2781 1054 2800 ιο.
1081 2772 1121 2799 B:
1150 2778 1179 2800 te
1199 2773 1294 2800 deest.
1439 2779 1476 2799 12.
1507 2772 1534 2799 A
1556 2771 1585 2798 in
1614 2778 1730 2806 marg:

410 2818 593 2854 Gregorius.
615 2818 695 2847 Nota
716 2820 837 2855 qualem
860 2827 947 2854 spem
970 2819 1060 2847 debet
1082 2819 1195 2847 habere
1216 2819 1393 2854 predicator
1414 2818 1449 2845 ad
1473 2818 1583 2845 Deum.

475 2936 521 2957 ιε.
554 2927 657 2968 Greg.
684 2927 755 2957 XL.
784 2927 888 2957 Horn.
917 2926 975 2959 lib.
1004 2927 1027 2967 1,
1055 2927 1158 2958 Homs
1184 2927 1290 2961 XVII,
1320 2927 1347 2959 3.
