<?xml version="1.0" encoding="UTF-8"?>
<!DOCTYPE html PUBLIC "-//W3C//DTD XHTML 1.0 Transitional//EN"
    "http://www.w3.org/TR/xhtml1/DTD/xhtml1-transitional.dtd">
<html xmlns="http://www.w3.org/1999/xhtml" xml:lang="en" lang="en">
 <head>
  <title>
</title>
<meta http-equiv="Content-Type" content="text/html;charset=utf-8" />
  <meta name='ocr-system' content='tesseract 3.04.00' />
  <meta name='ocr-capabilities' content='ocr_page ocr_carea ocr_par ocr_line ocrx_word'/>
</head>
<body>
  <div class='ocr_page' id='page_1' title='image "./iohanniswycliftr04wycl_0331.png"; bbox 0 0 2045 3312; ppageno 0'>
   <div class='ocr_carea' id='block_1_1' title="bbox 301 254 1920 318">
    <p class='ocr_par' dir='ltr' id='par_1_1' title="bbox 301 254 1920 318">
     <span class='ocr_line' id='line_1_1' title="bbox 301 254 1920 318; baseline 0.015 -24"><span class='ocrx_word' id='word_1_1' title='bbox 301 266 390 295; x_wconf 81' lang='lat' dir='ltr'>CAP.</span> <span class='ocrx_word' id='word_1_2' title='bbox 415 254 511 314; x_wconf 77' lang='lat' dir='ltr'>XHL]</span> <span class='ocrx_word' id='word_1_3' title='bbox 822 272 880 304; x_wconf 85' lang='lat' dir='ltr'>DE</span> <span class='ocrx_word' id='word_1_4' title='bbox 909 272 1143 304; x_wconf 70' lang='lat' dir='ltr'>ECCLESIA.</span> <span class='ocrx_word' id='word_1_5' title='bbox 1843 267 1920 318; x_wconf 81' lang='lat'>293</span> 
     </span>
    </p>
   </div>
   <div class='ocr_carea' id='block_1_2' title="bbox 156 375 1922 2544">
    <p class='ocr_par' dir='ltr' id='par_1_2' title="bbox 156 375 1922 648">
     <span class='ocr_line' id='line_1_2' title="bbox 156 375 1922 438; baseline 0.002 -21"><span class='ocrx_word' id='word_1_6' title='bbox 156 386 192 418; x_wconf 90' lang='lat' dir='ltr'>N</span> <span class='ocrx_word' id='word_1_7' title='bbox 216 375 408 428; x_wconf 56' lang='lat' dir='ltr'>170-2quid</span> <span class='ocrx_word' id='word_1_8' title='bbox 451 377 731 416; x_wconf 78' lang='lat' dir='ltr'><em>manducabit</em></span> <span class='ocrx_word' id='word_1_9' title='bbox 774 378 840 416; x_wconf 73' lang='lat' dir='ltr'>vel</span> <span class='ocrx_word' id='word_1_10' title='bbox 877 377 1000 428; x_wconf 76' lang='lat' dir='ltr'>bibet,</span> <span class='ocrx_word' id='word_1_11' title='bbox 1048 383 1123 416; x_wconf 79' lang='lat' dir='ltr'>aut</span> <span class='ocrx_word' id='word_1_12' title='bbox 1154 379 1368 430; x_wconf 79' lang='lat' dir='ltr'>quomodo</span> <span class='ocrx_word' id='word_1_13' title='bbox 1402 380 1626 429; x_wconf 78' lang='lat' dir='ltr'>induatur,</span> <span class='ocrx_word' id='word_1_14' title='bbox 1644 387 1713 427; x_wconf 76' lang='lat' dir='ltr'>The</span> <span class='ocrx_word' id='word_1_15' title='bbox 1734 393 1799 417; x_wconf 76' lang='lat' dir='ltr'>true</span> <span class='ocrx_word' id='word_1_16' title='bbox 1814 398 1922 438; x_wconf 23' lang='lat' dir='ltr'>seqcur-</span> 
     </span>
     <span class='ocr_line' id='line_1_3' title="bbox 306 424 1921 503; baseline 0.006 -19"><span class='ocrx_word' id='word_1_17' title='bbox 306 445 413 485; x_wconf 88' lang='lat' dir='ltr'>sicut</span> <span class='ocrx_word' id='word_1_18' title='bbox 444 446 609 486; x_wconf 83' lang='lat' dir='ltr'>solliciti</span> <span class='ocrx_word' id='word_1_19' title='bbox 641 456 740 487; x_wconf 88' lang='lat' dir='ltr'>sunt</span> <span class='ocrx_word' id='word_1_20' title='bbox 782 446 967 486; x_wconf 86' lang='lat' dir='ltr'>viventes</span> <span class='ocrx_word' id='word_1_21' title='bbox 999 447 1221 499; x_wconf 80' lang='lat' dir='ltr'>gentiliter,</span> <span class='ocrx_word' id='word_1_22' title='bbox 1262 448 1373 502; x_wconf 83' lang='lat' dir='ltr'>quia,</span> <span class='ocrx_word' id='word_1_23' title='bbox 1407 458 1452 489; x_wconf 90' lang='lat' dir='ltr'>ut</span> <span class='ocrx_word' id='word_1_24' title='bbox 1494 424 1921 503; x_wconf 20' lang='lat' dir='ltr'>arguitnythgwegritiiiiiseon</span> 
     </span>
     <span class='ocr_line' id='line_1_4' title="bbox 306 495 1903 571; baseline 0.004 -16"><span class='ocrx_word' id='word_1_25' title='bbox 306 529 379 569; x_wconf 88' lang='lat' dir='ltr'>per</span> <span class='ocrx_word' id='word_1_26' title='bbox 409 516 555 556; x_wconf 88' lang='lat' dir='ltr'>locum</span> <span class='ocrx_word' id='word_1_27' title='bbox 586 531 609 556; x_wconf 85' lang='lat' dir='ltr'>a</span> <span class='ocrx_word' id='word_1_28' title='bbox 641 516 810 560; x_wconf 86' lang='lat' dir='ltr'>maiori:</span> <span class='ocrx_word' id='word_1_29' title='bbox 843 516 885 557; x_wconf 82' lang='lat' dir='ltr'>Si</span> <span class='ocrx_word' id='word_1_30' title='bbox 918 517 1032 556; x_wconf 91' lang='lat' dir='ltr'>Deus</span> <span class='ocrx_word' id='word_1_31' title='bbox 1059 518 1264 569; x_wconf 78' lang='lat' dir='ltr'>providet</span> <span class='ocrx_word' id='word_1_32' title='bbox 1289 525 1465 571; x_wconf 76' lang='lat' dir='ltr'>pastum</span> <span class='ocrx_word' id='word_1_33' title='bbox 1506 522 1626 560; x_wconf 77' lang='lat' dir='ltr'>volu·</span> <span class='ocrx_word' id='word_1_34' title='bbox 1661 495 1903 558; x_wconf 42' lang='lat' dir='ltr'>Ogoffiiiifiitiveliio</span> 
     </span>
     <span class='ocr_line' id='line_1_5' title="bbox 306 566 1921 648; baseline 0.003 -23"><span class='ocrx_word' id='word_1_35' title='bbox 306 586 452 626; x_wconf 82' lang='lat' dir='ltr'>eribus</span> <span class='ocrx_word' id='word_1_36' title='bbox 484 587 567 627; x_wconf 86' lang='lat' dir='ltr'>celi</span> <span class='ocrx_word' id='word_1_37' title='bbox 596 595 634 627; x_wconf 86' lang='lat' dir='ltr'>et</span> <span class='ocrx_word' id='word_1_38' title='bbox 667 593 962 641; x_wconf 77' lang='lat' dir='ltr'>tegumentum</span> <span class='ocrx_word' id='word_1_39' title='bbox 997 588 1102 627; x_wconf 82' lang='lat' dir='ltr'>liliis</span> <span class='ocrx_word' id='word_1_40' title='bbox 1135 590 1254 642; x_wconf 82' lang='lat' dir='ltr'>agri,</span> <span class='ocrx_word' id='word_1_41' title='bbox 1300 598 1461 643; x_wconf 86' lang='lat' dir='ltr'>quanto</span> <span class='ocrx_word' id='word_1_42' title='bbox 1494 591 1627 644; x_wconf 81' lang='lat' dir='ltr'>magis</span> <span class='ocrx_word' id='word_1_43' title='bbox 1642 570 1832 648; x_wconf 49' lang='lat' dir='ltr'>ngrseffitfotre</span> <span class='ocrx_word' id='word_1_44' title='bbox 1834 566 1921 630; x_wconf 47' lang='lat' dir='ltr'>111¹?ae</span> 
     </span>
    </p>

    <p class='ocr_par' dir='ltr' id='par_1_3' title="bbox 273 636 1839 993">
     <span class='ocr_line' id='line_1_6' title="bbox 273 636 1839 714; baseline 0.001 -15"><span class='ocrx_word' id='word_1_45' title='bbox 273 667 289 699; x_wconf 81' lang='grc'>5</span> <span class='ocrx_word' id='word_1_46' title='bbox 306 657 549 698; x_wconf 85' lang='lat' dir='ltr'>domesticis</span> <span class='ocrx_word' id='word_1_47' title='bbox 580 655 701 697; x_wconf 87' lang='lat' dir='ltr'>fidei?</span> <span class='ocrx_word' id='word_1_48' title='bbox 733 658 774 698; x_wconf 83' lang='lat' dir='ltr'>Si</span> <span class='ocrx_word' id='word_1_49' title='bbox 799 657 912 698; x_wconf 90' lang='lat' dir='ltr'>enim</span> <span class='ocrx_word' id='word_1_50' title='bbox 934 667 1126 711; x_wconf 87' lang='lat' dir='ltr'>tempore</span> <span class='ocrx_word' id='word_1_51' title='bbox 1148 659 1248 713; x_wconf 87' lang='lat' dir='ltr'>legis</span> <span class='ocrx_word' id='word_1_52' title='bbox 1271 660 1421 700; x_wconf 83' lang='lat' dir='ltr'>veteris</span> <span class='ocrx_word' id='word_1_53' title='bbox 1454 662 1627 714; x_wconf 83' lang='lat' dir='ltr'>quando</span> <span class='ocrx_word' id='word_1_54' title='bbox 1724 636 1839 670; x_wconf 43' lang='lat' dir='ltr'><strong>mmgb&#39;</strong></span> 
     </span>
     <span class='ocr_line' id='line_1_7' title="bbox 305 727 1627 783; baseline 0.002 -16"><span class='ocrx_word' id='word_1_55' title='bbox 305 727 447 768; x_wconf 76' lang='lat' dir='ltr'>mitius</span> <span class='ocrx_word' id='word_1_56' title='bbox 478 729 731 768; x_wconf 82' lang='lat' dir='ltr'>suadebatur</span> <span class='ocrx_word' id='word_1_57' title='bbox 763 728 1008 780; x_wconf 80' lang='lat' dir='ltr'>elemosina,</span> <span class='ocrx_word' id='word_1_58' title='bbox 1041 728 1264 769; x_wconf 77' lang='lat' dir='ltr'>psalmista</span> <span class='ocrx_word' id='word_1_59' title='bbox 1303 730 1425 783; x_wconf 84' lang='lat' dir='ltr'>dicat,</span> <span class='ocrx_word' id='word_1_60' title='bbox 1457 731 1627 770; x_wconf 83' lang='lat' dir='ltr'>Psalmo</span> 
     </span>
     <span class='ocr_line' id='line_1_8' title="bbox 304 797 1630 853; baseline 0.002 -15"><span class='ocrx_word' id='word_1_61' title='bbox 304 798 514 850; x_wconf 79' lang='lat' dir='ltr'>XXXV10,</span> <span class='ocrx_word' id='word_1_62' title='bbox 550 799 622 838; x_wconf 82' lang='lat'>26:</span> <span class='ocrx_word' id='word_1_63' title='bbox 665 797 937 853; x_wconf 78' lang='lat' dir='ltr'>Jnniorfui,</span> <span class='ocrx_word' id='word_1_64' title='bbox 972 799 1125 839; x_wconf 84' lang='lat' dir='ltr'>etenim</span> <span class='ocrx_word' id='word_1_65' title='bbox 1158 801 1284 840; x_wconf 77' lang='lat' dir='ltr'>senui</span> <span class='ocrx_word' id='word_1_66' title='bbox 1327 808 1367 840; x_wconf 85' lang='lat' dir='ltr'>et</span> <span class='ocrx_word' id='word_1_67' title='bbox 1410 814 1493 841; x_wconf 86' lang='lat' dir='ltr'>non</span> <span class='ocrx_word' id='word_1_68' title='bbox 1543 801 1630 841; x_wconf 76' lang='lat' dir='ltr'>vidi</span> 
     </span>
     <span class='ocr_line' id='line_1_9' title="bbox 303 868 1627 924; baseline 0.003 -17"><span class='ocrx_word' id='word_1_69' title='bbox 303 869 460 908; x_wconf 80' lang='lat' dir='ltr'>iustum</span> <span class='ocrx_word' id='word_1_70' title='bbox 507 868 760 909; x_wconf 77' lang='lat' dir='ltr'>derelictum</span> <span class='ocrx_word' id='word_1_71' title='bbox 808 883 885 909; x_wconf 84' lang='lat' dir='ltr'>nec</span> <span class='ocrx_word' id='word_1_72' title='bbox 928 882 1072 910; x_wconf 76' lang='lat' dir='ltr'>semen</span> <span class='ocrx_word' id='word_1_73' title='bbox 1106 871 1198 910; x_wconf 80' lang='lat' dir='ltr'>eius</span> <span class='ocrx_word' id='word_1_74' title='bbox 1235 884 1420 923; x_wconf 77' lang='lat' dir='ltr'>querens</span> <span class='ocrx_word' id='word_1_75' title='bbox 1444 884 1627 924; x_wconf 81' lang='lat' dir='ltr'>panem,</span> 
     </span>
     <span class='ocr_line' id='line_1_10' title="bbox 303 936 1628 993; baseline 0.003 -16"><span class='ocrx_word' id='word_1_76' title='bbox 303 947 464 992; x_wconf 86' lang='lat' dir='ltr'>quanto</span> <span class='ocrx_word' id='word_1_77' title='bbox 516 939 612 992; x_wconf 89' lang='lat' dir='ltr'>plus</span> <span class='ocrx_word' id='word_1_78' title='bbox 664 936 817 978; x_wconf 85' lang='lat' dir='ltr'>hodie?</span> <span class='ocrx_word' id='word_1_79' title='bbox 886 940 1030 980; x_wconf 81' lang='lat' dir='ltr'>Tollat</span> <span class='ocrx_word' id='word_1_80' title='bbox 1082 954 1181 993; x_wconf 86' lang='lat' dir='ltr'>ergo</span> <span class='ocrx_word' id='word_1_81' title='bbox 1235 942 1367 981; x_wconf 87' lang='lat' dir='ltr'>clerus</span> <span class='ocrx_word' id='word_1_82' title='bbox 1420 941 1628 982; x_wconf 82' lang='lat' dir='ltr'>offensam</span> 
     </span>
    </p>

    <p class='ocr_par' dir='ltr' id='par_1_4' title="bbox 250 1008 1629 1347">
     <span class='ocr_line' id='line_1_11' title="bbox 250 1008 1629 1063; baseline 0.002 -14"><span class='ocrx_word' id='word_1_83' title='bbox 250 1028 287 1049; x_wconf 88' lang='lat'>10</span> <span class='ocrx_word' id='word_1_84' title='bbox 303 1008 466 1048; x_wconf 89' lang='lat' dir='ltr'>domini</span> <span class='ocrx_word' id='word_1_85' title='bbox 500 1022 586 1049; x_wconf 89' lang='lat' dir='ltr'>non</span> <span class='ocrx_word' id='word_1_86' title='bbox 619 1009 927 1061; x_wconf 58' lang='lat' dir='ltr'>declinandoe</span> <span class='ocrx_word' id='word_1_87' title='bbox 958 1011 1049 1063; x_wconf 81' lang='lat' dir='ltr'>lege</span> <span class='ocrx_word' id='word_1_88' title='bbox 1082 1025 1170 1061; x_wconf 83' lang='lat' dir='ltr'>sua,</span> <span class='ocrx_word' id='word_1_89' title='bbox 1204 1011 1311 1052; x_wconf 90' lang='lat' dir='ltr'>sicut</span> <span class='ocrx_word' id='word_1_90' title='bbox 1343 1013 1629 1053; x_wconf 87' lang='lat' dir='ltr'>communiter</span> 
     </span>
     <span class='ocr_line' id='line_1_12' title="bbox 302 1078 1625 1135; baseline 0.005 -18"><span class='ocrx_word' id='word_1_91' title='bbox 302 1078 480 1119; x_wconf 79' lang='lat' dir='ltr'>facimus</span> <span class='ocrx_word' id='word_1_92' title='bbox 523 1079 757 1120; x_wconf 80' lang='lat' dir='ltr'>affectando</span> <span class='ocrx_word' id='word_1_93' title='bbox 802 1080 1038 1121; x_wconf 81' lang='lat' dir='ltr'>inordinate</span> <span class='ocrx_word' id='word_1_94' title='bbox 1096 1082 1360 1135; x_wconf 80' lang='lat' dir='ltr'>voluptatem</span> <span class='ocrx_word' id='word_1_95' title='bbox 1405 1092 1444 1122; x_wconf 87' lang='lat' dir='ltr'>et</span> <span class='ocrx_word' id='word_1_96' title='bbox 1488 1083 1625 1123; x_wconf 88' lang='lat' dir='ltr'>curio-</span> 
     </span>
     <span class='ocr_line' id='line_1_13' title="bbox 302 1148 1624 1206; baseline 0.004 -18"><span class='ocrx_word' id='word_1_97' title='bbox 302 1148 481 1199; x_wconf 83' lang='lat' dir='ltr'>sitatem,</span> <span class='ocrx_word' id='word_1_98' title='bbox 527 1159 566 1190; x_wconf 87' lang='lat' dir='ltr'>et</span> <span class='ocrx_word' id='word_1_99' title='bbox 609 1164 697 1190; x_wconf 90' lang='lat' dir='ltr'>non</span> <span class='ocrx_word' id='word_1_100' title='bbox 731 1159 791 1190; x_wconf 89' lang='lat' dir='ltr'>est</span> <span class='ocrx_word' id='word_1_101' title='bbox 824 1152 1122 1204; x_wconf 89' lang='lat' dir='ltr'>compossibile</span> <span class='ocrx_word' id='word_1_102' title='bbox 1169 1154 1287 1206; x_wconf 88' lang='lat' dir='ltr'>quod</span> <span class='ocrx_word' id='word_1_103' title='bbox 1327 1154 1378 1192; x_wconf 79' lang='lat' dir='ltr'>ad</span> <span class='ocrx_word' id='word_1_104' title='bbox 1411 1153 1624 1193; x_wconf 86' lang='lat' dir='ltr'>deteriori-</span> 
     </span>
     <span class='ocr_line' id='line_1_14' title="bbox 302 1220 1628 1277; baseline 0.003 -18"><span class='ocrx_word' id='word_1_105' title='bbox 302 1220 497 1260; x_wconf 87' lang='lat' dir='ltr'>acionem</span> <span class='ocrx_word' id='word_1_106' title='bbox 543 1220 680 1261; x_wconf 88' lang='lat' dir='ltr'>desint</span> <span class='ocrx_word' id='word_1_107' title='bbox 726 1221 848 1260; x_wconf 94' lang='lat' dir='ltr'>nobis</span> <span class='ocrx_word' id='word_1_108' title='bbox 894 1222 1124 1262; x_wconf 82' lang='lat' dir='ltr'>necessaria</span> <span class='ocrx_word' id='word_1_109' title='bbox 1174 1222 1257 1262; x_wconf 84' lang='lat' dir='ltr'>vite</span> <span class='ocrx_word' id='word_1_110' title='bbox 1310 1232 1466 1275; x_wconf 76' lang='lat' dir='ltr'>nostre,</span> <span class='ocrx_word' id='word_1_111' title='bbox 1529 1223 1628 1277; x_wconf 84' lang='lat' dir='ltr'>quia</span> 
     </span>
     <span class='ocr_line' id='line_1_15' title="bbox 302 1290 1625 1347; baseline 0.002 -16"><span class='ocrx_word' id='word_1_112' title='bbox 302 1290 480 1331; x_wconf 82' lang='lat' dir='ltr'>Matthei</span> <span class='ocrx_word' id='word_1_113' title='bbox 512 1291 603 1342; x_wconf 88' lang='lat' dir='ltr'>V10,</span> <span class='ocrx_word' id='word_1_114' title='bbox 649 1291 712 1342; x_wconf 77' lang='lat'>33,</span> <span class='ocrx_word' id='word_1_115' title='bbox 746 1291 845 1331; x_wconf 88' lang='lat' dir='ltr'>dicit</span> <span class='ocrx_word' id='word_1_116' title='bbox 875 1292 1042 1332; x_wconf 77' lang='lat' dir='ltr'>veritas:</span> <span class='ocrx_word' id='word_1_117' title='bbox 1083 1292 1260 1341; x_wconf 81' lang='lat' dir='ltr'>cherite</span> <span class='ocrx_word' id='word_1_118' title='bbox 1291 1306 1396 1347; x_wconf 79' lang='lat' dir='ltr'>ergo</span> <span class='ocrx_word' id='word_1_119' title='bbox 1427 1295 1625 1346; x_wconf 76' lang='lat' dir='ltr'>primum</span> 
     </span>
    </p>

    <p class='ocr_par' dir='ltr' id='par_1_5' title="bbox 251 1362 1626 1630">
     <span class='ocr_line' id='line_1_16' title="bbox 251 1362 1626 1416; baseline 0.003 -16"><span class='ocrx_word' id='word_1_120' title='bbox 251 1369 287 1402; x_wconf 74' lang='lat'>13</span> <span class='ocrx_word' id='word_1_121' title='bbox 304 1374 487 1416; x_wconf 78' lang='lat' dir='ltr'>regumn</span> <span class='ocrx_word' id='word_1_122' title='bbox 513 1362 596 1401; x_wconf 85' lang='lat' dir='ltr'>Dei</span> <span class='ocrx_word' id='word_1_123' title='bbox 621 1368 660 1401; x_wconf 87' lang='lat' dir='ltr'>et</span> <span class='ocrx_word' id='word_1_124' title='bbox 688 1362 899 1415; x_wconf 53' lang='lat' dir='ltr'>iusticiam</span> <span class='ocrx_word' id='word_1_125' title='bbox 924 1364 1028 1410; x_wconf 75' lang='lat' dir='ltr'>eius,</span> <span class='ocrx_word' id='word_1_126' title='bbox 1052 1369 1092 1402; x_wconf 84' lang='lat' dir='ltr'>et</span> <span class='ocrx_word' id='word_1_127' title='bbox 1113 1363 1188 1403; x_wconf 85' lang='lat' dir='ltr'>lzec</span> <span class='ocrx_word' id='word_1_128' title='bbox 1216 1365 1360 1403; x_wconf 86' lang='lat' dir='ltr'>omnia</span> <span class='ocrx_word' id='word_1_129' title='bbox 1383 1364 1626 1404; x_wconf 79' lang='lat' dir='ltr'>adicientur</span> 
     </span>
     <span class='ocr_line' id='line_1_17' title="bbox 306 1431 1625 1488; baseline 0.003 -16"><span class='ocrx_word' id='word_1_130' title='bbox 306 1431 434 1472; x_wconf 79' lang='lat' dir='ltr'>vobis.</span> <span class='ocrx_word' id='word_1_131' title='bbox 466 1431 741 1485; x_wconf 78' lang='lat' dir='ltr'>privilegium</span> <span class='ocrx_word' id='word_1_132' title='bbox 773 1440 916 1471; x_wconf 82' lang='lat' dir='ltr'>autem</span> <span class='ocrx_word' id='word_1_133' title='bbox 941 1432 1098 1473; x_wconf 84' lang='lat' dir='ltr'>Christi</span> <span class='ocrx_word' id='word_1_134' title='bbox 1130 1447 1382 1474; x_wconf 88' lang='lat' dir='ltr'>concessum</span> <span class='ocrx_word' id='word_1_135' title='bbox 1406 1436 1518 1475; x_wconf 90' lang='lat' dir='ltr'>Luce</span> <span class='ocrx_word' id='word_1_136' title='bbox 1552 1437 1625 1488; x_wconf 77' lang='lat' dir='ltr'>XO,</span> 
     </span>
     <span class='ocr_line' id='line_1_18' title="bbox 303 1502 1624 1558; baseline 0.004 -17"><span class='ocrx_word' id='word_1_137' title='bbox 303 1502 387 1541; x_wconf 82' lang='lat' dir='ltr'>suis</span> <span class='ocrx_word' id='word_1_138' title='bbox 427 1503 643 1556; x_wconf 87' lang='lat' dir='ltr'>discipulis</span> <span class='ocrx_word' id='word_1_139' title='bbox 682 1512 743 1543; x_wconf 90' lang='lat' dir='ltr'>est</span> <span class='ocrx_word' id='word_1_140' title='bbox 781 1504 966 1544; x_wconf 87' lang='lat' dir='ltr'>securius</span> <span class='ocrx_word' id='word_1_141' title='bbox 999 1517 1130 1558; x_wconf 79' lang='lat' dir='ltr'>quam</span> <span class='ocrx_word' id='word_1_142' title='bbox 1162 1513 1272 1544; x_wconf 80' lang='lat' dir='ltr'>carta</span> <span class='ocrx_word' id='word_1_143' title='bbox 1304 1506 1369 1544; x_wconf 80' lang='lat' dir='ltr'>vel</span> <span class='ocrx_word' id='word_1_144' title='bbox 1408 1507 1624 1546; x_wconf 85' lang='lat' dir='ltr'>concessio</span> 
     </span>
     <span class='ocr_line' id='line_1_19' title="bbox 304 1574 1625 1630; baseline 0.003 -18"><span class='ocrx_word' id='word_1_145' title='bbox 304 1574 531 1625; x_wconf 80' lang='lat' dir='ltr'>mundana,</span> <span class='ocrx_word' id='word_1_146' title='bbox 556 1588 654 1613; x_wconf 85' lang='lat' dir='ltr'>cum</span> <span class='ocrx_word' id='word_1_147' title='bbox 677 1574 877 1614; x_wconf 87' lang='lat' dir='ltr'>dominus</span> <span class='ocrx_word' id='word_1_148' title='bbox 901 1575 1050 1615; x_wconf 88' lang='lat' dir='ltr'>mundi</span> <span class='ocrx_word' id='word_1_149' title='bbox 1074 1575 1146 1629; x_wconf 83' lang='lat' dir='ltr'>qui</span> <span class='ocrx_word' id='word_1_150' title='bbox 1169 1576 1337 1616; x_wconf 87' lang='lat' dir='ltr'>mentiri</span> <span class='ocrx_word' id='word_1_151' title='bbox 1360 1590 1447 1616; x_wconf 90' lang='lat' dir='ltr'>non</span> <span class='ocrx_word' id='word_1_152' title='bbox 1470 1577 1625 1630; x_wconf 88' lang='lat' dir='ltr'>poterit</span> 
     </span>
    </p>

    <p class='ocr_par' dir='ltr' id='par_1_6' title="bbox 209 1644 1626 2402">
     <span class='ocr_line' id='line_1_20' title="bbox 209 1644 1626 1698; baseline 0.004 -17"><span class='ocrx_word' id='word_1_153' title='bbox 209 1644 358 1693; x_wconf 63' lang='lat' dir='ltr'>270bsic</span> <span class='ocrx_word' id='word_1_154' title='bbox 402 1644 597 1697; x_wconf 79' lang='lat' dir='ltr'>precipit:</span> <span class='ocrx_word' id='word_1_155' title='bbox 659 1645 711 1684; x_wconf 89' lang='lat' dir='ltr'>In</span> <span class='ocrx_word' id='word_1_156' title='bbox 759 1658 1060 1698; x_wconf 77' lang='lat' dir='ltr'>quamcunque</span> <span class='ocrx_word' id='word_1_157' title='bbox 1104 1645 1277 1686; x_wconf 84' lang='lat' dir='ltr'>domum</span> <span class='ocrx_word' id='word_1_158' title='bbox 1311 1646 1626 1687; x_wconf 59' lang='lat' dir='ltr'>intraveritisss</span> 
     </span>
     <span class='ocr_line' id='line_1_21' title="bbox 246 1714 1621 1770; baseline 0.004 -18"><span class='ocrx_word' id='word_1_159' title='bbox 246 1714 358 1754; x_wconf 72' lang='lat' dir='ltr'>zoibi</span> <span class='ocrx_word' id='word_1_160' title='bbox 405 1722 572 1755; x_wconf 84' lang='lat' dir='ltr'>manete</span> <span class='ocrx_word' id='word_1_161' title='bbox 612 1715 783 1755; x_wconf 79' lang='lat' dir='ltr'>edentes</span> <span class='ocrx_word' id='word_1_162' title='bbox 815 1723 853 1756; x_wconf 82' lang='lat' dir='ltr'>et</span> <span class='ocrx_word' id='word_1_163' title='bbox 892 1716 1076 1756; x_wconf 79' lang='lat' dir='ltr'>bibentes</span> <span class='ocrx_word' id='word_1_164' title='bbox 1108 1730 1189 1769; x_wconf 78' lang='lat' dir='ltr'>que</span> <span class='ocrx_word' id='word_1_165' title='bbox 1221 1718 1340 1770; x_wconf 80' lang='lat' dir='ltr'>apud</span> <span class='ocrx_word' id='word_1_166' title='bbox 1374 1718 1470 1758; x_wconf 74' lang='lat' dir='ltr'>illos</span> <span class='ocrx_word' id='word_1_167' title='bbox 1507 1725 1621 1760; x_wconf 79' lang='lat' dir='ltr'>sunt.</span> 
     </span>
     <span class='ocr_line' id='line_1_22' title="bbox 301 1785 1622 1842; baseline 0.003 -18"><span class='ocrx_word' id='word_1_168' title='bbox 301 1785 383 1824; x_wconf 88' lang='lat' dir='ltr'>Sed</span> <span class='ocrx_word' id='word_1_169' title='bbox 415 1786 617 1825; x_wconf 85' lang='lat' dir='ltr'>debemus</span> <span class='ocrx_word' id='word_1_170' title='bbox 662 1800 806 1826; x_wconf 81' lang='lat' dir='ltr'>cavere</span> <span class='ocrx_word' id='word_1_171' title='bbox 846 1786 1021 1827; x_wconf 84' lang='lat' dir='ltr'>sollicite</span> <span class='ocrx_word' id='word_1_172' title='bbox 1060 1801 1112 1826; x_wconf 93' lang='lat' dir='ltr'>ne</span> <span class='ocrx_word' id='word_1_173' title='bbox 1150 1788 1395 1828; x_wconf 81' lang='lat' dir='ltr'>amittamus</span> <span class='ocrx_word' id='word_1_174' title='bbox 1427 1788 1507 1828; x_wconf 90' lang='lat' dir='ltr'>hoc</span> <span class='ocrx_word' id='word_1_175' title='bbox 1541 1790 1622 1842; x_wconf 85' lang='lat' dir='ltr'>pri-</span> 
     </span>
     <span class='ocr_line' id='line_1_23' title="bbox 301 1855 1624 1912; baseline 0.004 -18"><span class='ocrx_word' id='word_1_176' title='bbox 301 1855 501 1908; x_wconf 81' lang='lat' dir='ltr'>vilegium</span> <span class='ocrx_word' id='word_1_177' title='bbox 538 1870 610 1909; x_wconf 88' lang='lat' dir='ltr'>per</span> <span class='ocrx_word' id='word_1_178' title='bbox 641 1857 836 1908; x_wconf 81' lang='lat' dir='ltr'>abusum,</span> <span class='ocrx_word' id='word_1_179' title='bbox 861 1858 977 1910; x_wconf 84' lang='lat' dir='ltr'>quod</span> <span class='ocrx_word' id='word_1_180' title='bbox 1000 1857 1045 1896; x_wconf 86' lang='lat' dir='ltr'>fit</span> <span class='ocrx_word' id='word_1_181' title='bbox 1069 1859 1240 1910; x_wconf 81' lang='lat' dir='ltr'>quando</span> <span class='ocrx_word' id='word_1_182' title='bbox 1265 1868 1409 1898; x_wconf 80' lang='lat' dir='ltr'>contra</span> <span class='ocrx_word' id='word_1_183' title='bbox 1434 1860 1624 1912; x_wconf 82' lang='lat' dir='ltr'>regulam</span> 
     </span>
     <span class='ocr_line' id='line_1_24' title="bbox 302 1925 1620 1979; baseline 0.004 -15"><span class='ocrx_word' id='word_1_184' title='bbox 302 1935 341 1964; x_wconf 89' lang='lat' dir='ltr'>et</span> <span class='ocrx_word' id='word_1_185' title='bbox 385 1925 515 1965; x_wconf 84' lang='lat' dir='ltr'>vitam</span> <span class='ocrx_word' id='word_1_186' title='bbox 562 1926 743 1979; x_wconf 78' lang='lat' dir='ltr'>apostoli</span> <span class='ocrx_word' id='word_1_187' title='bbox 791 1941 937 1966; x_wconf 84' lang='lat' dir='ltr'>sumus</span> <span class='ocrx_word' id='word_1_188' title='bbox 981 1927 1218 1979; x_wconf 87' lang='lat' dir='ltr'>hospitibus</span> <span class='ocrx_word' id='word_1_189' title='bbox 1264 1929 1445 1968; x_wconf 82' lang='lat' dir='ltr'>onerosi.</span> <span class='ocrx_word' id='word_1_190' title='bbox 1501 1931 1620 1979; x_wconf 92' lang='lat' dir='ltr'>Quo-</span> 
     </span>
     <span class='ocr_line' id='line_1_25' title="bbox 302 1996 1621 2053; baseline 0.003 -18"><span class='ocrx_word' id='word_1_191' title='bbox 302 1996 433 2035; x_wconf 91' lang='lat' dir='ltr'>modo</span> <span class='ocrx_word' id='word_1_192' title='bbox 468 2010 567 2048; x_wconf 83' lang='lat' dir='ltr'>ergo</span> <span class='ocrx_word' id='word_1_193' title='bbox 601 2005 682 2036; x_wconf 82' lang='lat' dir='ltr'>stat</span> <span class='ocrx_word' id='word_1_194' title='bbox 714 2010 811 2036; x_wconf 88' lang='lat' dir='ltr'>cum</span> <span class='ocrx_word' id='word_1_195' title='bbox 844 1996 926 2036; x_wconf 86' lang='lat' dir='ltr'>fide</span> <span class='ocrx_word' id='word_1_196' title='bbox 958 2007 997 2036; x_wconf 91' lang='lat' dir='ltr'>et</span> <span class='ocrx_word' id='word_1_197' title='bbox 1030 1997 1231 2051; x_wconf 82' lang='lat' dir='ltr'>religione</span> <span class='ocrx_word' id='word_1_198' title='bbox 1260 1998 1483 2039; x_wconf 83' lang='lat' dir='ltr'>christiana</span> <span class='ocrx_word' id='word_1_199' title='bbox 1506 2001 1621 2053; x_wconf 89' lang='lat' dir='ltr'>quod</span> 
     </span>
     <span class='ocr_line' id='line_1_26' title="bbox 246 2066 1621 2123; baseline 0.004 -18"><span class='ocrx_word' id='word_1_200' title='bbox 246 2067 433 2106; x_wconf 74' lang='lat' dir='ltr'>25clerus</span> <span class='ocrx_word' id='word_1_201' title='bbox 478 2066 770 2107; x_wconf 83' lang='lat' dir='ltr'>confederatus</span> <span class='ocrx_word' id='word_1_202' title='bbox 815 2076 854 2106; x_wconf 89' lang='lat' dir='ltr'>et</span> <span class='ocrx_word' id='word_1_203' title='bbox 898 2067 1108 2120; x_wconf 81' lang='lat' dir='ltr'>obligatus</span> <span class='ocrx_word' id='word_1_204' title='bbox 1153 2069 1316 2108; x_wconf 88' lang='lat' dir='ltr'>mundo</span> <span class='ocrx_word' id='word_1_205' title='bbox 1368 2083 1441 2123; x_wconf 87' lang='lat' dir='ltr'>per</span> <span class='ocrx_word' id='word_1_206' title='bbox 1491 2079 1621 2111; x_wconf 81' lang='lat' dir='ltr'>cartas</span> 
     </span>
     <span class='ocr_line' id='line_1_27' title="bbox 302 2136 1622 2192; baseline 0.003 -17"><span class='ocrx_word' id='word_1_207' title='bbox 302 2137 395 2189; x_wconf 89' lang='lat' dir='ltr'>plus</span> <span class='ocrx_word' id='word_1_208' title='bbox 429 2136 602 2176; x_wconf 88' lang='lat' dir='ltr'>confidit</span> <span class='ocrx_word' id='word_1_209' title='bbox 634 2137 676 2176; x_wconf 90' lang='lat' dir='ltr'>in</span> <span class='ocrx_word' id='word_1_210' title='bbox 709 2138 932 2177; x_wconf 83' lang='lat' dir='ltr'>dotacione</span> <span class='ocrx_word' id='word_1_211' title='bbox 967 2151 1130 2177; x_wconf 81' lang='lat' dir='ltr'>cesarea</span> <span class='ocrx_word' id='word_1_212' title='bbox 1164 2152 1293 2192; x_wconf 80' lang='lat' dir='ltr'>quam</span> <span class='ocrx_word' id='word_1_213' title='bbox 1326 2140 1478 2191; x_wconf 83' lang='lat' dir='ltr'>divina,</span> <span class='ocrx_word' id='word_1_214' title='bbox 1524 2154 1622 2180; x_wconf 89' lang='lat' dir='ltr'>cum</span> 
     </span>
     <span class='ocr_line' id='line_1_28' title="bbox 300 2207 1623 2263; baseline 0.004 -18"><span class='ocrx_word' id='word_1_215' title='bbox 300 2207 413 2246; x_wconf 86' lang='lat' dir='ltr'>Luce</span> <span class='ocrx_word' id='word_1_216' title='bbox 445 2207 575 2258; x_wconf 79' lang='lat' dir='ltr'>XXIO,</span> <span class='ocrx_word' id='word_1_217' title='bbox 623 2207 688 2260; x_wconf 72' lang='lat'>34,</span> <span class='ocrx_word' id='word_1_218' title='bbox 722 2207 922 2261; x_wconf 85' lang='lat' dir='ltr'>precipiat</span> <span class='ocrx_word' id='word_1_219' title='bbox 960 2217 1005 2248; x_wconf 90' lang='lat' dir='ltr'>ut</span> <span class='ocrx_word' id='word_1_220' title='bbox 1053 2223 1275 2249; x_wconf 79' lang='lat' dir='ltr'>caveamus</span> <span class='ocrx_word' id='word_1_221' title='bbox 1307 2222 1333 2248; x_wconf 81' lang='lat' dir='ltr'><em>a</em></span> <span class='ocrx_word' id='word_1_222' title='bbox 1367 2211 1551 2263; x_wconf 81' lang='lat' dir='ltr'>crapula</span> <span class='ocrx_word' id='word_1_223' title='bbox 1584 2217 1623 2251; x_wconf 88' lang='lat' dir='ltr'>et</span> 
     </span>
     <span class='ocr_line' id='line_1_29' title="bbox 300 2277 1620 2333; baseline 0.004 -18"><span class='ocrx_word' id='word_1_224' title='bbox 300 2277 420 2317; x_wconf 78' lang='lat' dir='ltr'>curis</span> <span class='ocrx_word' id='word_1_225' title='bbox 463 2278 608 2317; x_wconf 72' lang='lat' dir='ltr'>seculi.</span> <span class='ocrx_word' id='word_1_226' title='bbox 659 2279 712 2317; x_wconf 89' lang='lat' dir='ltr'>Et</span> <span class='ocrx_word' id='word_1_227' title='bbox 757 2287 870 2330; x_wconf 85' lang='lat' dir='ltr'>patet</span> <span class='ocrx_word' id='word_1_228' title='bbox 918 2292 965 2318; x_wconf 85' lang='lat' dir='ltr'>ex</span> <span class='ocrx_word' id='word_1_229' title='bbox 1009 2278 1089 2318; x_wconf 88' lang='lat' dir='ltr'>fide</span> <span class='ocrx_word' id='word_1_230' title='bbox 1143 2279 1344 2332; x_wconf 84' lang='lat' dir='ltr'>scripture</span> <span class='ocrx_word' id='word_1_231' title='bbox 1396 2281 1620 2333; x_wconf 85' lang='lat' dir='ltr'>quomodo</span> 
     </span>
     <span class='ocr_line' id='line_1_30' title="bbox 301 2347 1618 2402; baseline 0.003 -16"><span class='ocrx_word' id='word_1_232' title='bbox 301 2347 568 2388; x_wconf 86' lang='lat' dir='ltr'>observantes</span> <span class='ocrx_word' id='word_1_233' title='bbox 613 2348 805 2387; x_wconf 87' lang='lat' dir='ltr'>ordinem</span> <span class='ocrx_word' id='word_1_234' title='bbox 858 2349 978 2388; x_wconf 88' lang='lat' dir='ltr'>illum</span> <span class='ocrx_word' id='word_1_235' title='bbox 1023 2359 1318 2402; x_wconf 89' lang='lat' dir='ltr'>preposterum</span> <span class='ocrx_word' id='word_1_236' title='bbox 1368 2359 1466 2390; x_wconf 92' lang='lat' dir='ltr'>sunt</span> <span class='ocrx_word' id='word_1_237' title='bbox 1509 2350 1618 2390; x_wconf 90' lang='lat' dir='ltr'>inse-</span> 
     </span>
    </p>

    <p class='ocr_par' dir='ltr' id='par_1_7' title="bbox 244 2417 1620 2474">
     <span class='ocr_line' id='line_1_31' title="bbox 244 2417 1620 2474; baseline 0.002 -17"><span class='ocrx_word' id='word_1_238' title='bbox 244 2420 284 2452; x_wconf 85' lang='lat'>30</span> <span class='ocrx_word' id='word_1_239' title='bbox 300 2417 505 2457; x_wconf 88' lang='lat' dir='ltr'>curissimi</span> <span class='ocrx_word' id='word_1_240' title='bbox 550 2419 693 2471; x_wconf 83' lang='lat' dir='ltr'>quoad</span> <span class='ocrx_word' id='word_1_241' title='bbox 734 2418 931 2458; x_wconf 89' lang='lat' dir='ltr'>homines</span> <span class='ocrx_word' id='word_1_242' title='bbox 970 2427 1010 2458; x_wconf 95' lang='lat' dir='ltr'>et</span> <span class='ocrx_word' id='word_1_243' title='bbox 1047 2420 1190 2472; x_wconf 81' lang='lat' dir='ltr'>quoad</span> <span class='ocrx_word' id='word_1_244' title='bbox 1222 2420 1375 2461; x_wconf 87' lang='lat' dir='ltr'>Deum.</span> <span class='ocrx_word' id='word_1_245' title='bbox 1439 2420 1620 2474; x_wconf 83' lang='lat' dir='ltr'>Oportet</span> 
     </span>
    </p>

    <p class='ocr_par' dir='ltr' id='par_1_8' title="bbox 299 2487 1619 2544">
     <span class='ocr_line' id='line_1_32' title="bbox 299 2487 1619 2544; baseline 0.004 -18"><span class='ocrx_word' id='word_1_246' title='bbox 299 2487 413 2527; x_wconf 88' lang='lat' dir='ltr'>enim</span> <span class='ocrx_word' id='word_1_247' title='bbox 456 2487 594 2541; x_wconf 89' lang='lat' dir='ltr'>primo</span> <span class='ocrx_word' id='word_1_248' title='bbox 640 2489 757 2541; x_wconf 84' lang='lat' dir='ltr'>quod</span> <span class='ocrx_word' id='word_1_249' title='bbox 801 2488 1030 2541; x_wconf 83' lang='lat' dir='ltr'>originetur</span> <span class='ocrx_word' id='word_1_250' title='bbox 1075 2489 1118 2527; x_wconf 90' lang='lat' dir='ltr'>in</span> <span class='ocrx_word' id='word_1_251' title='bbox 1163 2490 1253 2529; x_wconf 93' lang='lat' dir='ltr'>Deo</span> <span class='ocrx_word' id='word_1_252' title='bbox 1298 2490 1496 2530; x_wconf 90' lang='lat' dir='ltr'>securitas</span> <span class='ocrx_word' id='word_1_253' title='bbox 1537 2504 1619 2544; x_wconf 84' lang='lat' dir='ltr'>que</span> 
     </span>
    </p>
   </div>
   <div class='ocr_carea' id='block_1_3' title="bbox 298 2557 1617 2612">
    <p class='ocr_par' dir='ltr' id='par_1_9' title="bbox 298 2557 1617 2612">
     <span class='ocr_line' id='line_1_33' title="bbox 298 2557 1617 2612; baseline 0.002 -16"><span class='ocrx_word' id='word_1_254' title='bbox 298 2571 385 2597; x_wconf 88' lang='lat' dir='ltr'>non</span> <span class='ocrx_word' id='word_1_255' title='bbox 429 2567 568 2611; x_wconf 88' lang='lat' dir='ltr'>potest</span> <span class='ocrx_word' id='word_1_256' title='bbox 613 2558 777 2598; x_wconf 89' lang='lat' dir='ltr'>fundari</span> <span class='ocrx_word' id='word_1_257' title='bbox 811 2557 889 2596; x_wconf 88' lang='lat' dir='ltr'>nisi</span> <span class='ocrx_word' id='word_1_258' title='bbox 922 2558 964 2597; x_wconf 93' lang='lat' dir='ltr'>in</span> <span class='ocrx_word' id='word_1_259' title='bbox 998 2559 1269 2599; x_wconf 80' lang='lat' dir='ltr'>observancia</span> <span class='ocrx_word' id='word_1_260' title='bbox 1300 2560 1404 2612; x_wconf 85' lang='lat' dir='ltr'>legis</span> <span class='ocrx_word' id='word_1_261' title='bbox 1438 2574 1523 2602; x_wconf 89' lang='lat' dir='ltr'>sue.</span> <span class='ocrx_word' id='word_1_262' title='bbox 1565 2561 1617 2600; x_wconf 89' lang='lat' dir='ltr'>Et</span> 
     </span>
    </p>
   </div>
   <div class='ocr_carea' id='block_1_4' title="bbox 297 2706 1616 2827">
    <p class='ocr_par' dir='ltr' id='par_1_10' title="bbox 297 2706 1616 2827">
     <span class='ocr_line' id='line_1_34' title="bbox 349 2706 1616 2743; baseline 0.002 -10"><span class='ocrx_word' id='word_1_263' title='bbox 349 2715 378 2741; x_wconf 78' lang='lat'>9.</span> <span class='ocrx_word' id='word_1_264' title='bbox 408 2708 436 2734; x_wconf 67' lang='lat' dir='ltr'>A</span> <span class='ocrx_word' id='word_1_265' title='bbox 456 2707 485 2734; x_wconf 84' lang='lat' dir='ltr'>in</span> <span class='ocrx_word' id='word_1_266' title='bbox 512 2715 626 2742; x_wconf 61' lang='lat' dir='ltr'>marg:</span> <span class='ocrx_word' id='word_1_267' title='bbox 648 2706 830 2735; x_wconf 82' lang='lat' dir='ltr'>Conclusio.</span> <span class='ocrx_word' id='word_1_268' title='bbox 975 2706 1018 2735; x_wconf 81' lang='lat'>16.</span> <span class='ocrx_word' id='word_1_269' title='bbox 1049 2708 1076 2735; x_wconf 70' lang='lat' dir='ltr'><strong>A</strong></span> <span class='ocrx_word' id='word_1_270' title='bbox 1103 2709 1132 2734; x_wconf 92' lang='lat' dir='ltr'>in</span> <span class='ocrx_word' id='word_1_271' title='bbox 1161 2716 1274 2743; x_wconf 59' lang='lat' dir='ltr'>marg:</span> <span class='ocrx_word' id='word_1_272' title='bbox 1305 2707 1386 2736; x_wconf 77' lang='lat' dir='ltr'>Nota</span> <span class='ocrx_word' id='word_1_273' title='bbox 1413 2708 1574 2743; x_wconf 69' lang='lat' dir='ltr'>privilegia</span> <span class='ocrx_word' id='word_1_274' title='bbox 1600 2717 1616 2736; x_wconf 82' lang='lat' dir='ltr'>a</span> 
     </span>
     <span class='ocr_line' id='line_1_35' title="bbox 297 2752 1615 2790; baseline 0.002 -10"><span class='ocrx_word' id='word_1_275' title='bbox 297 2752 425 2780; x_wconf 80' lang='lat' dir='ltr'>Christo</span> <span class='ocrx_word' id='word_1_276' title='bbox 454 2761 617 2780; x_wconf 79' lang='lat' dir='ltr'>concessa.</span> <span class='ocrx_word' id='word_1_277' title='bbox 760 2760 802 2787; x_wconf 78' lang='lat'>27.</span> <span class='ocrx_word' id='word_1_278' title='bbox 836 2754 865 2780; x_wconf 69' lang='lat' dir='ltr'>A</span> <span class='ocrx_word' id='word_1_279' title='bbox 895 2753 924 2780; x_wconf 86' lang='lat' dir='ltr'>in</span> <span class='ocrx_word' id='word_1_280' title='bbox 954 2761 1066 2788; x_wconf 79' lang='lat' dir='ltr'>inarg.:</span> <span class='ocrx_word' id='word_1_281' title='bbox 1101 2754 1281 2782; x_wconf 84' lang='lat' dir='ltr'>Conclusio.</span> <span class='ocrx_word' id='word_1_282' title='bbox 1425 2763 1470 2789; x_wconf 64' lang='lat'>2⁴]-</span> <span class='ocrx_word' id='word_1_283' title='bbox 1504 2756 1532 2782; x_wconf 76' lang='lat' dir='ltr'><strong>A</strong></span> <span class='ocrx_word' id='word_1_284' title='bbox 1557 2757 1615 2790; x_wconf 63' lang='lat' dir='ltr'>A1:</span> 
     </span>
     <span class='ocr_line' id='line_1_36' title="bbox 298 2799 630 2827; baseline 0.003 -2"><span class='ocrx_word' id='word_1_285' title='bbox 298 2804 456 2827; x_wconf 78' lang='lat' dir='ltr'>servantes</span> <span class='ocrx_word' id='word_1_286' title='bbox 478 2799 630 2827; x_wconf 82' lang='lat' dir='ltr'>ordinem.</span> 
     </span>
    </p>
   </div>
   <div class='ocr_carea' id='block_1_5' title="bbox 357 2906 1246 2950">
    <p class='ocr_par' dir='ltr' id='par_1_11' title="bbox 357 2906 1246 2950">
     <span class='ocr_line' id='line_1_37' title="bbox 357 2906 1246 2950; baseline 0.003 -13"><span class='ocrx_word' id='word_1_287' title='bbox 357 2906 386 2937; x_wconf 74' lang='lat'>3.</span> <span class='ocrx_word' id='word_1_288' title='bbox 412 2906 531 2938; x_wconf 82' lang='lat' dir='ltr'>Matth.</span> <span class='ocrx_word' id='word_1_289' title='bbox 561 2908 615 2947; x_wconf 73' lang='lat' dir='ltr'>vi,</span> <span class='ocrx_word' id='word_1_290' title='bbox 645 2906 792 2938; x_wconf 62' lang='lat'>26—28.</span> <span class='ocrx_word' id='word_1_291' title='bbox 943 2917 990 2950; x_wconf 63' lang='grc' dir='ltr'>ις).</span> <span class='ocrx_word' id='word_1_292' title='bbox 1019 2908 1103 2940; x_wconf 80' lang='lat' dir='ltr'>Luc.</span> <span class='ocrx_word' id='word_1_293' title='bbox 1130 2908 1187 2949; x_wconf 73' lang='lat' dir='ltr'>IX,</span> <span class='ocrx_word' id='word_1_294' title='bbox 1214 2920 1246 2949; x_wconf 77' lang='lat'>4.</span> 
     </span>
    </p>
   </div>
  </div>
 </body>
</html>
