<?xml version="1.0" encoding="UTF-8"?>
<!DOCTYPE html PUBLIC "-//W3C//DTD XHTML 1.0 Transitional//EN"
    "http://www.w3.org/TR/xhtml1/DTD/xhtml1-transitional.dtd">
<html xmlns="http://www.w3.org/1999/xhtml" xml:lang="en" lang="en">
 <head>
  <title>
</title>
<meta http-equiv="Content-Type" content="text/html;charset=utf-8" />
  <meta name='ocr-system' content='tesseract 3.04.00' />
  <meta name='ocr-capabilities' content='ocr_page ocr_carea ocr_par ocr_line ocrx_word'/>
</head>
<body>
  <div class='ocr_page' id='page_1' title='image "./iohanniswycliftr04wycl_0444.png"; bbox 0 0 2045 3312; ppageno 0'>
   <div class='ocr_carea' id='block_1_1' title="bbox 176 338 1799 397">
    <p class='ocr_par' dir='ltr' id='par_1_1' title="bbox 176 338 1799 397">
     <span class='ocr_line' id='line_1_1' title="bbox 176 338 1799 397; baseline -0.01 -3"><span class='ocrx_word' id='word_1_1' title='bbox 176 343 260 394; x_wconf 71' lang='lat'><em>406</em></span> <span class='ocrx_word' id='word_1_2' title='bbox 902 351 1129 385; x_wconf 77' lang='lat' dir='ltr'>JOHANNIS</span> <span class='ocrx_word' id='word_1_3' title='bbox 1158 352 1357 384; x_wconf 79' lang='lat' dir='ltr'>WYCLIF.</span> <span class='ocrx_word' id='word_1_4' title='bbox 1579 338 1685 397; x_wconf 80' lang='lat' dir='ltr'>[CAP.</span> <span class='ocrx_word' id='word_1_5' title='bbox 1702 349 1799 378; x_wconf 78' lang='lat' dir='ltr'><strong>xvn.</strong></span> 
     </span>
    </p>
   </div>
   <div class='ocr_carea' id='block_1_2' title="bbox 226 457 1951 1289">
    <p class='ocr_par' dir='ltr' id='par_1_2' title="bbox 453 457 1951 1217">
     <span class='ocr_line' id='line_1_2' title="bbox 468 457 1951 511; baseline 0 -13"><span class='ocrx_word' id='word_1_6' title='bbox 468 459 565 498; x_wconf 79' lang='lat' dir='ltr'><em>aliis</em></span> <span class='ocrx_word' id='word_1_7' title='bbox 601 471 684 497; x_wconf 84' lang='lat' dir='ltr'><em>non</em></span> <span class='ocrx_word' id='word_1_8' title='bbox 719 458 811 511; x_wconf 79' lang='lat' dir='ltr'><em>ipsa</em></span> <span class='ocrx_word' id='word_1_9' title='bbox 844 457 920 497; x_wconf 81' lang='lat' dir='ltr'><em>sed</em></span> <span class='ocrx_word' id='word_1_10' title='bbox 949 458 1114 497; x_wconf 85' lang='lat' dir='ltr'><em>similis.</em></span> <span class='ocrx_word' id='word_1_11' title='bbox 1148 458 1245 498; x_wconf 86' lang='lat' dir='ltr'><em>Non</em></span> <span class='ocrx_word' id='word_1_12' title='bbox 1280 458 1389 498; x_wconf 84' lang='lat' dir='ltr'><em>enim</em></span> <span class='ocrx_word' id='word_1_13' title='bbox 1425 471 1511 498; x_wconf 83' lang='lat' dir='ltr'><em>una</em></span> <span class='ocrx_word' id='word_1_14' title='bbox 1535 465 1598 499; x_wconf 86' lang='lat' dir='ltr'><em>est</em></span> <span class='ocrx_word' id='word_1_15' title='bbox 1621 469 1895 503; x_wconf 68' lang='lat' dir='ltr'><em>numero185r·</em></span> <span class='ocrx_word' id='word_1_16' title='bbox 1918 470 1951 504; x_wconf 78' lang='lat' dir='ltr'>L</span> 
     </span>
     <span class='ocr_line' id='line_1_3' title="bbox 466 527 1798 583; baseline -0.001 -13"><span class='ocrx_word' id='word_1_17' title='bbox 466 528 541 570; x_wconf 85' lang='lat' dir='ltr'><em>sed</em></span> <span class='ocrx_word' id='word_1_18' title='bbox 583 542 743 583; x_wconf 78' lang='lat' dir='ltr'><strong><em>genere</em></strong></span> <span class='ocrx_word' id='word_1_19' title='bbox 780 535 962 582; x_wconf 76' lang='lat' dir='ltr'><em>propter</em></span> <span class='ocrx_word' id='word_1_20' title='bbox 1005 527 1343 580; x_wconf 82' lang='lat' dir='ltr'><em>similitudinem,</em></span> <span class='ocrx_word' id='word_1_21' title='bbox 1382 536 1522 568; x_wconf 83' lang='lat' dir='ltr'><em>tamen</em></span> <span class='ocrx_word' id='word_1_22' title='bbox 1556 535 1594 568; x_wconf 84' lang='lat' dir='ltr'><em>et</em></span> <span class='ocrx_word' id='word_1_23' title='bbox 1634 529 1798 569; x_wconf 84' lang='lat' dir='ltr'><em>nullam</em></span> 
     </span>
     <span class='ocr_line' id='line_1_4' title="bbox 468 597 1798 652; baseline 0.001 -13"><span class='ocrx_word' id='word_1_24' title='bbox 468 599 752 640; x_wconf 75' lang='lat' dir='ltr'><em>diversitatem</em></span> <span class='ocrx_word' id='word_1_25' title='bbox 789 598 929 652; x_wconf 79' lang='lat' dir='ltr'><em>magis</em></span> <span class='ocrx_word' id='word_1_26' title='bbox 965 611 1095 638; x_wconf 79' lang='lat' dir='ltr'><em>unam</em></span> <span class='ocrx_word' id='word_1_27' title='bbox 1129 597 1308 638; x_wconf 84' lang='lat' dir='ltr'><em>dicimus</em></span> <span class='ocrx_word' id='word_1_28' title='bbox 1342 611 1435 638; x_wconf 83' lang='lat' dir='ltr'><em>esse</em></span> <span class='ocrx_word' id='word_1_29' title='bbox 1467 612 1595 652; x_wconf 79' lang='lat' dir='ltr'><em>quam</em></span> <span class='ocrx_word' id='word_1_30' title='bbox 1627 601 1798 641; x_wconf 82' lang='lat' dir='ltr'><em>multas.</em></span> 
     </span>
     <span class='ocr_line' id='line_1_5' title="bbox 468 668 1797 719; baseline 0 -10"><span class='ocrx_word' id='word_1_31' title='bbox 468 670 581 710; x_wconf 80' lang='lat' dir='ltr'><em>Nam</em></span> <span class='ocrx_word' id='word_1_32' title='bbox 629 669 735 709; x_wconf 85' lang='lat' dir='ltr'><em>duos</em></span> <span class='ocrx_word' id='word_1_33' title='bbox 780 669 969 709; x_wconf 82' lang='lat' dir='ltr'><em>homines</em></span> <span class='ocrx_word' id='word_1_34' title='bbox 1016 669 1256 709; x_wconf 83' lang='lat' dir='ltr'><em>simillimos</em></span> <span class='ocrx_word' id='word_1_35' title='bbox 1296 682 1391 708; x_wconf 82' lang='lat' dir='ltr'><em>cum</em></span> <span class='ocrx_word' id='word_1_36' title='bbox 1425 668 1627 719; x_wconf 78' lang='lat' dir='ltr'><em>videmus,</em></span> <span class='ocrx_word' id='word_1_37' title='bbox 1670 683 1797 709; x_wconf 77' lang='lat' dir='ltr'><em>unam</em></span> 
     </span>
     <span class='ocr_line' id='line_1_6' title="bbox 453 738 1832 794; baseline 0.001 -14"><span class='ocrx_word' id='word_1_38' title='bbox 453 740 622 794; x_wconf 78' lang='lat' dir='ltr'><em>faciem</em></span> <span class='ocrx_word' id='word_1_39' title='bbox 657 739 813 779; x_wconf 75' lang='lat' dir='ltr'><em>habere</em></span> <span class='ocrx_word' id='word_1_40' title='bbox 844 739 1040 788; x_wconf 84' lang='lat' dir='ltr'><em>dicimus,</em></span> <span class='ocrx_word' id='word_1_41' title='bbox 1060 738 1248 792; x_wconf 84' lang='lat' dir='ltr'><em>facilius</em></span> <span class='ocrx_word' id='word_1_42' title='bbox 1282 739 1424 793; x_wconf 79' lang='lat' dir='ltr'><em>itaque</em></span> <span class='ocrx_word' id='word_1_43' title='bbox 1455 739 1610 779; x_wconf 82' lang='lat' dir='ltr'><em>dicitur</em></span> <span class='ocrx_word' id='word_1_44' title='bbox 1642 742 1832 782; x_wconf 83' lang='lat' dir='ltr'><em>multas5</em></span> 
     </span>
     <span class='ocr_line' id='line_1_7' title="bbox 468 810 1799 865; baseline 0.001 -15"><span class='ocrx_word' id='word_1_45' title='bbox 468 811 637 851; x_wconf 78' lang='lat' dir='ltr'><em>animas</em></span> <span class='ocrx_word' id='word_1_46' title='bbox 657 810 807 864; x_wconf 81' lang='lat' dir='ltr'><em>fuisse</em></span> <span class='ocrx_word' id='word_1_47' title='bbox 838 810 1038 863; x_wconf 81' lang='lat' dir='ltr'><em>singulas</em></span> <span class='ocrx_word' id='word_1_48' title='bbox 1074 810 1216 863; x_wconf 79' lang='lat' dir='ltr'><em>utique</em></span> <span class='ocrx_word' id='word_1_49' title='bbox 1243 810 1537 864; x_wconf 81' lang='lat' dir='ltr'><em>singulorum,</em></span> <span class='ocrx_word' id='word_1_50' title='bbox 1567 810 1618 850; x_wconf 84' lang='lat' dir='ltr'><em>de</em></span> <span class='ocrx_word' id='word_1_51' title='bbox 1648 812 1799 865; x_wconf 79' lang='lat' dir='ltr'><em>quibus</em></span> 
     </span>
     <span class='ocr_line' id='line_1_8' title="bbox 468 880 1799 935; baseline 0.002 -15"><span class='ocrx_word' id='word_1_52' title='bbox 468 881 627 935; x_wconf 79' lang='lat' dir='ltr'><em>legitur</em></span> <span class='ocrx_word' id='word_1_53' title='bbox 658 881 700 920; x_wconf 83' lang='lat' dir='ltr'><em>in</em></span> <span class='ocrx_word' id='word_1_54' title='bbox 733 881 895 920; x_wconf 80' lang='lat' dir='ltr'><em>actibus</em></span> <span class='ocrx_word' id='word_1_55' title='bbox 924 881 1226 934; x_wconf 78' lang='lat' dir='ltr'><em>Apostolorum</em></span> <span class='ocrx_word' id='word_1_56' title='bbox 1257 880 1369 934; x_wconf 83' lang='lat' dir='ltr'><em>quod</em></span> <span class='ocrx_word' id='word_1_57' title='bbox 1403 881 1460 921; x_wconf 83' lang='lat' dir='ltr'><em>eis</em></span> <span class='ocrx_word' id='word_1_58' title='bbox 1479 881 1626 935; x_wconf 78' lang='lat' dir='ltr'><em>fuerit</em></span> <span class='ocrx_word' id='word_1_59' title='bbox 1655 882 1799 922; x_wconf 80' lang='lat' dir='ltr'><em>anima</em></span> 
     </span>
     <span class='ocr_line' id='line_1_9' title="bbox 469 950 1799 1006; baseline 0.002 -16"><span class='ocrx_word' id='word_1_60' title='bbox 469 965 570 1003; x_wconf 68' lang='lat' dir='ltr'><em>una,</em></span> <span class='ocrx_word' id='word_1_61' title='bbox 605 951 822 1005; x_wconf 81' lang='lat' dir='ltr'><em>quoniam,</em></span> <span class='ocrx_word' id='word_1_62' title='bbox 857 951 927 990; x_wconf 85' lang='lat' dir='ltr'><em>ubi</em></span> <span class='ocrx_word' id='word_1_63' title='bbox 948 950 1057 990; x_wconf 83' lang='lat' dir='ltr'><em>dixit</em></span> <span class='ocrx_word' id='word_1_64' title='bbox 1079 951 1335 1003; x_wconf 76' lang='lat' dir='ltr'><em>Apostolus:</em></span> <span class='ocrx_word' id='word_1_65' title='bbox 1373 951 1466 991; x_wconf 84' lang='lat' dir='ltr'><em>Una</em></span> <span class='ocrx_word' id='word_1_66' title='bbox 1484 951 1615 1006; x_wconf 82' lang='lat' dir='ltr'><em>fides,</em></span> <span class='ocrx_word' id='word_1_67' title='bbox 1649 959 1707 991; x_wconf 86' lang='lat' dir='ltr'><em>tot</em></span> <span class='ocrx_word' id='word_1_68' title='bbox 1728 966 1799 992; x_wconf 83' lang='lat' dir='ltr'><em>eas</em></span> 
     </span>
     <span class='ocr_line' id='line_1_10' title="bbox 469 1020 1799 1076; baseline 0.001 -15"><span class='ocrx_word' id='word_1_69' title='bbox 469 1022 695 1075; x_wconf 80' lang='lat' dir='ltr'><em>quisquam</em></span> <span class='ocrx_word' id='word_1_70' title='bbox 719 1020 848 1061; x_wconf 80' lang='lat' dir='ltr'><em>audet</em></span> <span class='ocrx_word' id='word_1_71' title='bbox 870 1021 1008 1061; x_wconf 80' lang='lat' dir='ltr'><em>dicere</em></span> <span class='ocrx_word' id='word_1_72' title='bbox 1030 1028 1130 1075; x_wconf 79' lang='lat' dir='ltr'><em>quot</em></span> <span class='ocrx_word' id='word_1_73' title='bbox 1143 1021 1314 1076; x_wconf 81' lang='lat' dir='ltr'><em>fideles.</em></span> <span class='ocrx_word' id='word_1_74' title='bbox 1340 1021 1395 1061; x_wconf 87' lang='lat' dir='ltr'><em>Et</em></span> <span class='ocrx_word' id='word_1_75' title='bbox 1418 1029 1558 1062; x_wconf 83' lang='lat' dir='ltr'><em>tamen</em></span> <span class='ocrx_word' id='word_1_76' title='bbox 1582 1024 1654 1076; x_wconf 81' lang='lat' dir='ltr'><em>qui</em></span> <span class='ocrx_word' id='word_1_77' title='bbox 1675 1023 1799 1063; x_wconf 79' lang='lat' dir='ltr'><em>dixit:</em></span> 
     </span>
     <span class='ocr_line' id='line_1_11' title="bbox 476 1091 1860 1147; baseline 0 -15"><span class='ocrx_word' id='word_1_78' title='bbox 476 1091 511 1132; x_wconf 89' lang='grc' dir='ltr'><em>Ο</em></span> <span class='ocrx_word' id='word_1_79' title='bbox 539 1092 694 1132; x_wconf 79' lang='lat' dir='ltr'><em>mulier</em></span> <span class='ocrx_word' id='word_1_80' title='bbox 727 1105 889 1145; x_wconf 78' lang='lat' dir='ltr'><em>magna</em></span> <span class='ocrx_word' id='word_1_81' title='bbox 923 1098 985 1131; x_wconf 83' lang='lat' dir='ltr'><em>est</em></span> <span class='ocrx_word' id='word_1_82' title='bbox 1000 1091 1117 1146; x_wconf 82' lang='lat' dir='ltr'><em>fides</em></span> <span class='ocrx_word' id='word_1_83' title='bbox 1151 1098 1238 1141; x_wconf 85' lang='lat' dir='ltr'><em>tua,</em></span> <span class='ocrx_word' id='word_1_84' title='bbox 1269 1098 1308 1131; x_wconf 85' lang='lat' dir='ltr'><em>et</em></span> <span class='ocrx_word' id='word_1_85' title='bbox 1337 1093 1488 1132; x_wconf 79' lang='lat' dir='ltr'><em>alteri:</em></span> <span class='ocrx_word' id='word_1_86' title='bbox 1509 1093 1675 1134; x_wconf 83' lang='lat' dir='ltr'><em>Modice</em></span> <span class='ocrx_word' id='word_1_87' title='bbox 1691 1094 1802 1147; x_wconf 84' lang='lat' dir='ltr'><em>fidei</em></span> <span class='ocrx_word' id='word_1_88' title='bbox 1823 1111 1860 1133; x_wconf 93' lang='lat'><em>10</em></span> 
     </span>
     <span class='ocr_line' id='line_1_12' title="bbox 469 1162 1522 1217; baseline 0 -15"><span class='ocrx_word' id='word_1_89' title='bbox 469 1176 605 1216; x_wconf 77' lang='lat' dir='ltr'><em>quare</em></span> <span class='ocrx_word' id='word_1_90' title='bbox 637 1162 871 1202; x_wconf 78' lang='lat' dir='ltr'><em>dubitasti?</em></span> <span class='ocrx_word' id='word_1_91' title='bbox 901 1175 1026 1202; x_wconf 79' lang='lat' dir='ltr'><em>suam</em></span> <span class='ocrx_word' id='word_1_92' title='bbox 1060 1163 1211 1216; x_wconf 78' lang='lat' dir='ltr'><em>cuique</em></span> <span class='ocrx_word' id='word_1_93' title='bbox 1243 1176 1334 1202; x_wconf 82' lang='lat' dir='ltr'><em>esse</em></span> <span class='ocrx_word' id='word_1_94' title='bbox 1364 1164 1522 1217; x_wconf 82' lang='lat' dir='ltr'><em>signat.</em></span> 
     </span>
    </p>

    <p class='ocr_par' dir='ltr' id='par_1_3' title="bbox 226 1232 1856 1289">
     <span class='ocr_line' id='line_1_13' title="bbox 226 1232 1856 1289; baseline 0.004 -21"><span class='ocrx_word' id='word_1_95' title='bbox 226 1240 294 1269; x_wconf 75' lang='lat' dir='ltr'><em>The</em></span> <span class='ocrx_word' id='word_1_96' title='bbox 315 1246 410 1268; x_wconf 68' lang='lat' dir='ltr'><em>ternis</em></span> <span class='ocrx_word' id='word_1_97' title='bbox 530 1233 592 1272; x_wconf 80' lang='lat' dir='ltr'><em>Ex</em></span> <span class='ocrx_word' id='word_1_98' title='bbox 615 1232 702 1272; x_wconf 88' lang='lat' dir='ltr'><em>istis</em></span> <span class='ocrx_word' id='word_1_99' title='bbox 726 1241 871 1272; x_wconf 90' lang='lat' dir='ltr'><em>notare</em></span> <span class='ocrx_word' id='word_1_100' title='bbox 894 1241 1033 1286; x_wconf 91' lang='lat' dir='ltr'><em>potest</em></span> <span class='ocrx_word' id='word_1_101' title='bbox 1055 1232 1217 1286; x_wconf 87' lang='lat' dir='ltr'><em>logicus</em></span> <span class='ocrx_word' id='word_1_102' title='bbox 1240 1233 1356 1286; x_wconf 91' lang='lat' dir='ltr'><em>quod</em></span> <span class='ocrx_word' id='word_1_103' title='bbox 1375 1233 1640 1286; x_wconf 84' lang='lat' dir='ltr'><em>Augustinus</em></span> <span class='ocrx_word' id='word_1_104' title='bbox 1662 1234 1800 1289; x_wconf 91' lang='lat' dir='ltr'><em>loqui-</em></span> <span class='ocrx_word' id='word_1_105' title='bbox 1816 1242 1856 1276; x_wconf 89' lang='lat' dir='ltr'>M</span> 
     </span>
    </p>
   </div>
   <div class='ocr_carea' id='block_1_3' title="bbox 200 1276 1896 1356">
    <p class='ocr_par' dir='ltr' id='par_1_4' title="bbox 200 1276 1896 1356">
     <span class='ocr_line' id='line_1_14' title="bbox 200 1276 1896 1356; baseline 0.004 -17"><span class='ocrx_word' id='word_1_106' title='bbox 200 1276 440 1347; x_wconf 39' lang='lat' dir='ltr'><em>{5333ssssss</em></span> <span class='ocrx_word' id='word_1_107' title='bbox 471 1311 538 1342; x_wconf 88' lang='lat' dir='ltr'><em>tur</em></span> <span class='ocrx_word' id='word_1_108' title='bbox 570 1303 619 1341; x_wconf 92' lang='lat' dir='ltr'><em>de</em></span> <span class='ocrx_word' id='word_1_109' title='bbox 652 1301 734 1342; x_wconf 91' lang='lat' dir='ltr'><em>fide</em></span> <span class='ocrx_word' id='word_1_110' title='bbox 757 1316 839 1356; x_wconf 91' lang='lat' dir='ltr'><em>que</em></span> <span class='ocrx_word' id='word_1_111' title='bbox 876 1311 936 1342; x_wconf 89' lang='lat' dir='ltr'><em>est</em></span> <span class='ocrx_word' id='word_1_112' title='bbox 970 1302 1200 1342; x_wconf 88' lang='lat' dir='ltr'><em>multitudo</em></span> <span class='ocrx_word' id='word_1_113' title='bbox 1227 1303 1451 1344; x_wconf 81' lang='lat' dir='ltr'><em>habituum</em></span> <span class='ocrx_word' id='word_1_114' title='bbox 1485 1304 1678 1344; x_wconf 87' lang='lat' dir='ltr'><em>credendi</em></span> <span class='ocrx_word' id='word_1_115' title='bbox 1701 1304 1726 1332; x_wconf 63' lang='lat'><em>²³²</em></span> <span class='ocrx_word' id='word_1_116' title='bbox 1748 1305 1798 1345; x_wconf 86' lang='lat' dir='ltr'><em>ab</em></span> <span class='ocrx_word' id='word_1_117' title='bbox 1818 1310 1896 1346; x_wconf 78' lang='lat' dir='ltr'><em>185b</em></span> 
     </span>
    </p>
   </div>
   <div class='ocr_carea' id='block_1_4' title="bbox 186 1346 1856 2201">
    <p class='ocr_par' dir='ltr' id='par_1_5' title="bbox 196 1346 1856 2132">
     <span class='ocr_line' id='line_1_15' title="bbox 196 1346 1828 1429; baseline 0.004 -21"><span class='ocrx_word' id='word_1_118' title='bbox 196 1346 444 1410; x_wconf 34' lang='lat' dir='ltr'><em>nottgqgilhcfiible</em></span> <span class='ocrx_word' id='word_1_119' title='bbox 472 1386 559 1413; x_wconf 91' lang='lat' dir='ltr'><em>uno</em></span> <span class='ocrx_word' id='word_1_120' title='bbox 583 1372 792 1426; x_wconf 90' lang='lat' dir='ltr'><em>principio</em></span> <span class='ocrx_word' id='word_1_121' title='bbox 821 1371 1061 1412; x_wconf 89' lang='lat' dir='ltr'><em>infusorum</em></span> <span class='ocrx_word' id='word_1_122' title='bbox 1085 1381 1124 1412; x_wconf 93' lang='lat' dir='ltr'><em>et</em></span> <span class='ocrx_word' id='word_1_123' title='bbox 1146 1386 1222 1413; x_wconf 91' lang='lat' dir='ltr'><em>nec</em></span> <span class='ocrx_word' id='word_1_124' title='bbox 1246 1374 1295 1413; x_wconf 90' lang='lat' dir='ltr'><em>de</em></span> <span class='ocrx_word' id='word_1_125' title='bbox 1317 1388 1468 1428; x_wconf 83' lang='lat' dir='ltr'><strong>genere</strong></span> <span class='ocrx_word' id='word_1_126' title='bbox 1491 1388 1566 1415; x_wconf 90' lang='lat' dir='ltr'><em>nec</em></span> <span class='ocrx_word' id='word_1_127' title='bbox 1589 1375 1639 1414; x_wconf 89' lang='lat' dir='ltr'><em>de</em></span> <span class='ocrx_word' id='word_1_128' title='bbox 1661 1375 1828 1429; x_wconf 85' lang='lat' dir='ltr'><em>speciel</em></span> 
     </span>
     <span class='ocr_line' id='line_1_16' title="bbox 470 1442 1854 1498; baseline 0.003 -16"><span class='ocrx_word' id='word_1_129' title='bbox 470 1443 623 1496; x_wconf 86' lang='lat' dir='ltr'><em>logico,</em></span> <span class='ocrx_word' id='word_1_130' title='bbox 658 1443 756 1497; x_wconf 86' lang='lat' dir='ltr'><em>quia</em></span> <span class='ocrx_word' id='word_1_131' title='bbox 787 1442 893 1483; x_wconf 92' lang='lat' dir='ltr'><em>illud</em></span> <span class='ocrx_word' id='word_1_132' title='bbox 926 1442 1159 1483; x_wconf 86' lang='lat' dir='ltr'><em>universale</em></span> <span class='ocrx_word' id='word_1_133' title='bbox 1191 1457 1278 1483; x_wconf 91' lang='lat' dir='ltr'><em>non</em></span> <span class='ocrx_word' id='word_1_134' title='bbox 1312 1444 1458 1498; x_wconf 86' lang='lat' dir='ltr'><em>recipit</em></span> <span class='ocrx_word' id='word_1_135' title='bbox 1486 1445 1798 1498; x_wconf 87' lang='lat' dir='ltr'><em>predicaciones</em></span> <span class='ocrx_word' id='word_1_136' title='bbox 1818 1453 1854 1486; x_wconf 87' lang='lat'><em>15</em></span> 
     </span>
     <span class='ocr_line' id='line_1_17' title="bbox 470 1513 1795 1568; baseline 0.002 -15"><span class='ocrx_word' id='word_1_137' title='bbox 470 1513 718 1554; x_wconf 88' lang='lat' dir='ltr'><em>huiusmodi</em></span> <span class='ocrx_word' id='word_1_138' title='bbox 756 1513 1014 1566; x_wconf 86' lang='lat' dir='ltr'><em>peregrinas;</em></span> <span class='ocrx_word' id='word_1_139' title='bbox 1063 1527 1163 1553; x_wconf 85' lang='lat' dir='ltr'><em>nam</em></span> <span class='ocrx_word' id='word_1_140' title='bbox 1195 1514 1247 1554; x_wconf 88' lang='lat' dir='ltr'><em>ad</em></span> <span class='ocrx_word' id='word_1_141' title='bbox 1279 1515 1438 1568; x_wconf 87' lang='lat' dir='ltr'><em>species</em></span> <span class='ocrx_word' id='word_1_142' title='bbox 1471 1516 1574 1555; x_wconf 87' lang='lat' dir='ltr'><em>tales</em></span> <span class='ocrx_word' id='word_1_143' title='bbox 1606 1516 1795 1556; x_wconf 88' lang='lat' dir='ltr'><em>acciden-</em></span> 
     </span>
     <span class='ocr_line' id='line_1_18' title="bbox 471 1584 1796 1639; baseline 0.002 -15"><span class='ocrx_word' id='word_1_144' title='bbox 471 1584 584 1624; x_wconf 87' lang='lat' dir='ltr'><em>cium</em></span> <span class='ocrx_word' id='word_1_145' title='bbox 632 1597 718 1624; x_wconf 88' lang='lat' dir='ltr'><em>non</em></span> <span class='ocrx_word' id='word_1_146' title='bbox 763 1592 825 1623; x_wconf 89' lang='lat' dir='ltr'><em>est</em></span> <span class='ocrx_word' id='word_1_147' title='bbox 872 1593 1028 1635; x_wconf 85' lang='lat' dir='ltr'><em>motus,</em></span> <span class='ocrx_word' id='word_1_148' title='bbox 1074 1585 1146 1624; x_wconf 89' lang='lat' dir='ltr'><em>secl</em></span> <span class='ocrx_word' id='word_1_149' title='bbox 1204 1585 1255 1624; x_wconf 89' lang='lat' dir='ltr'><em>ad</em></span> <span class='ocrx_word' id='word_1_150' title='bbox 1316 1594 1452 1638; x_wconf 84' lang='lat' dir='ltr'><em>partes</em></span> <span class='ocrx_word' id='word_1_151' title='bbox 1501 1586 1796 1639; x_wconf 80' lang='lat' dir='ltr'><em>quantitativas</em></span> 
     </span>
     <span class='ocr_line' id='line_1_19' title="bbox 471 1654 1796 1710; baseline 0.002 -15"><span class='ocrx_word' id='word_1_152' title='bbox 471 1654 631 1708; x_wconf 88' lang='lat' dir='ltr'><em>generis</em></span> <span class='ocrx_word' id='word_1_153' title='bbox 676 1655 794 1708; x_wconf 89' lang='lat' dir='ltr'><em>quod</em></span> <span class='ocrx_word' id='word_1_154' title='bbox 840 1664 902 1695; x_wconf 86' lang='lat' dir='ltr'><em>est</em></span> <span class='ocrx_word' id='word_1_155' title='bbox 947 1654 1180 1695; x_wconf 89' lang='lat' dir='ltr'><em>multitudo</em></span> <span class='ocrx_word' id='word_1_156' title='bbox 1226 1654 1497 1695; x_wconf 82' lang='lat' dir='ltr'><em>dissimilium</em></span> <span class='ocrx_word' id='word_1_157' title='bbox 1544 1657 1796 1710; x_wconf 82' lang='lat' dir='ltr'><em>qualitatum</em></span> 
     </span>
     <span class='ocr_line' id='line_1_20' title="bbox 471 1724 1836 1781; baseline 0.001 -17"><span class='ocrx_word' id='word_1_158' title='bbox 471 1725 543 1765; x_wconf 89' lang='lat' dir='ltr'><em>sed</em></span> <span class='ocrx_word' id='word_1_159' title='bbox 587 1724 703 1765; x_wconf 86' lang='lat' dir='ltr'><em>nulla</em></span> <span class='ocrx_word' id='word_1_160' title='bbox 737 1738 893 1765; x_wconf 86' lang='lat' dir='ltr'><em>earum.</em></span> <span class='ocrx_word' id='word_1_161' title='bbox 927 1725 1046 1765; x_wconf 88' lang='lat' dir='ltr'><em>Patet</em></span> <span class='ocrx_word' id='word_1_162' title='bbox 1079 1726 1264 1765; x_wconf 88' lang='lat' dir='ltr'><em>secundo</em></span> <span class='ocrx_word' id='word_1_163' title='bbox 1299 1727 1415 1780; x_wconf 88' lang='lat' dir='ltr'><em>quod</em></span> <span class='ocrx_word' id='word_1_164' title='bbox 1447 1725 1549 1767; x_wconf 88' lang='lat' dir='ltr'><em>fides</em></span> <span class='ocrx_word' id='word_1_165' title='bbox 1589 1741 1671 1781; x_wconf 88' lang='lat' dir='ltr'><em>que</em></span> <span class='ocrx_word' id='word_1_166' title='bbox 1711 1733 1836 1768; x_wconf 79' lang='lat' dir='ltr'><em>cre-2</em></span> 
     </span>
     <span class='ocr_line' id='line_1_21' title="bbox 472 1795 1856 1849; baseline 0.004 -15"><span class='ocrx_word' id='word_1_167' title='bbox 472 1795 583 1835; x_wconf 87' lang='lat' dir='ltr'><em>ditur</em></span> <span class='ocrx_word' id='word_1_168' title='bbox 627 1804 687 1835; x_wconf 85' lang='lat' dir='ltr'><em>est</em></span> <span class='ocrx_word' id='word_1_169' title='bbox 731 1795 881 1835; x_wconf 83' lang='lat' dir='ltr'><em>veritas</em></span> <span class='ocrx_word' id='word_1_170' title='bbox 920 1796 971 1835; x_wconf 91' lang='lat' dir='ltr'><em>de</em></span> <span class='ocrx_word' id='word_1_171' title='bbox 1003 1795 1199 1849; x_wconf 87' lang='lat' dir='ltr'><em>presenti,</em></span> <span class='ocrx_word' id='word_1_172' title='bbox 1234 1797 1283 1836; x_wconf 88' lang='lat' dir='ltr'><em>de</em></span> <span class='ocrx_word' id='word_1_173' title='bbox 1317 1796 1517 1849; x_wconf 89' lang='lat' dir='ltr'><em>preterito</em></span> <span class='ocrx_word' id='word_1_174' title='bbox 1549 1798 1614 1837; x_wconf 81' lang='lat' dir='ltr'><em>vel</em></span> <span class='ocrx_word' id='word_1_175' title='bbox 1654 1797 1796 1838; x_wconf 92' lang='lat' dir='ltr'><em>futuro</em></span> <span class='ocrx_word' id='word_1_176' title='bbox 1813 1812 1856 1834; x_wconf 87' lang='lat'><em>20</em></span> 
     </span>
     <span class='ocr_line' id='line_1_22' title="bbox 473 1865 1797 1921; baseline 0.002 -17"><span class='ocrx_word' id='word_1_177' title='bbox 473 1874 512 1905; x_wconf 88' lang='lat' dir='ltr'><em>et</em></span> <span class='ocrx_word' id='word_1_178' title='bbox 556 1879 641 1904; x_wconf 89' lang='lat' dir='ltr'><em>non</em></span> <span class='ocrx_word' id='word_1_179' title='bbox 693 1865 921 1905; x_wconf 85' lang='lat' dir='ltr'><em>subiective</em></span> <span class='ocrx_word' id='word_1_180' title='bbox 966 1866 1008 1905; x_wconf 90' lang='lat' dir='ltr'><em>in</em></span> <span class='ocrx_word' id='word_1_181' title='bbox 1055 1866 1260 1917; x_wconf 86' lang='lat' dir='ltr'><em>credente,</em></span> <span class='ocrx_word' id='word_1_182' title='bbox 1313 1876 1352 1906; x_wconf 90' lang='lat' dir='ltr'><em>et</em></span> <span class='ocrx_word' id='word_1_183' title='bbox 1395 1881 1469 1920; x_wconf 89' lang='lat' dir='ltr'><em>per</em></span> <span class='ocrx_word' id='word_1_184' title='bbox 1519 1881 1797 1921; x_wconf 87' lang='lat' dir='ltr'><em>consequens,</em></span> 
     </span>
     <span class='ocr_line' id='line_1_23' title="bbox 472 1935 1797 1991; baseline 0.002 -16"><span class='ocrx_word' id='word_1_185' title='bbox 472 1935 617 1976; x_wconf 88' lang='lat' dir='ltr'><em>omnia</em></span> <span class='ocrx_word' id='word_1_186' title='bbox 656 1949 738 1989; x_wconf 90' lang='lat' dir='ltr'><em>que</em></span> <span class='ocrx_word' id='word_1_187' title='bbox 779 1935 948 1976; x_wconf 91' lang='lat' dir='ltr'><em>fuerunt</em></span> <span class='ocrx_word' id='word_1_188' title='bbox 979 1936 1045 1975; x_wconf 87' lang='lat' dir='ltr'><em>vel</em></span> <span class='ocrx_word' id='word_1_189' title='bbox 1079 1946 1200 1977; x_wconf 88' lang='lat' dir='ltr'><em>erunt</em></span> <span class='ocrx_word' id='word_1_190' title='bbox 1233 1946 1332 1977; x_wconf 88' lang='lat' dir='ltr'><em>sunt</em></span> <span class='ocrx_word' id='word_1_191' title='bbox 1364 1951 1441 1990; x_wconf 89' lang='lat' dir='ltr'><em>pro</em></span> <span class='ocrx_word' id='word_1_192' title='bbox 1477 1952 1553 1978; x_wconf 90' lang='lat' dir='ltr'><em>suo</em></span> <span class='ocrx_word' id='word_1_193' title='bbox 1587 1946 1797 1991; x_wconf 88' lang='lat' dir='ltr'><em>tempore;</em></span> 
     </span>
     <span class='ocr_line' id='line_1_24' title="bbox 472 2005 1799 2063; baseline 0.004 -18"><span class='ocrx_word' id='word_1_194' title='bbox 472 2005 589 2046; x_wconf 87' lang='lat' dir='ltr'><em>aliter</em></span> <span class='ocrx_word' id='word_1_195' title='bbox 638 2005 751 2045; x_wconf 86' lang='lat' dir='ltr'><em>enim</em></span> <span class='ocrx_word' id='word_1_196' title='bbox 809 2020 896 2045; x_wconf 86' lang='lat' dir='ltr'><em>non</em></span> <span class='ocrx_word' id='word_1_197' title='bbox 950 2006 1103 2046; x_wconf 89' lang='lat' dir='ltr'><em>diceret</em></span> <span class='ocrx_word' id='word_1_198' title='bbox 1149 2007 1414 2061; x_wconf 84' lang='lat' dir='ltr'><em>Augustinus</em></span> <span class='ocrx_word' id='word_1_199' title='bbox 1459 2009 1575 2062; x_wconf 90' lang='lat' dir='ltr'><em>quod</em></span> <span class='ocrx_word' id='word_1_200' title='bbox 1622 2023 1669 2049; x_wconf 88' lang='lat' dir='ltr'><em>ea</em></span> <span class='ocrx_word' id='word_1_201' title='bbox 1718 2024 1799 2063; x_wconf 87' lang='lat' dir='ltr'><em>que</em></span> 
     </span>
     <span class='ocr_line' id='line_1_25' title="bbox 473 2076 1799 2132; baseline 0.004 -17"><span class='ocrx_word' id='word_1_202' title='bbox 473 2076 700 2116; x_wconf 87' lang='lat' dir='ltr'><em>creduntur</em></span> <span class='ocrx_word' id='word_1_203' title='bbox 750 2085 847 2116; x_wconf 87' lang='lat' dir='ltr'><em>sunt</em></span> <span class='ocrx_word' id='word_1_204' title='bbox 900 2076 941 2115; x_wconf 91' lang='lat' dir='ltr'><em>in</em></span> <span class='ocrx_word' id='word_1_205' title='bbox 995 2077 1117 2116; x_wconf 88' lang='lat' dir='ltr'><em>rebus</em></span> <span class='ocrx_word' id='word_1_206' title='bbox 1164 2077 1271 2117; x_wconf 88' lang='lat' dir='ltr'><em>sicut</em></span> <span class='ocrx_word' id='word_1_207' title='bbox 1319 2078 1480 2118; x_wconf 85' lang='lat' dir='ltr'><em>articuli</em></span> <span class='ocrx_word' id='word_1_208' title='bbox 1524 2079 1706 2132; x_wconf 89' lang='lat' dir='ltr'><em>preteriti</em></span> <span class='ocrx_word' id='word_1_209' title='bbox 1760 2089 1799 2120; x_wconf 88' lang='lat' dir='ltr'><em>et</em></span> 
     </span>
    </p>

    <p class='ocr_par' dir='ltr' id='par_1_6' title="bbox 186 2145 1854 2201">
     <span class='ocr_line' id='line_1_26' title="bbox 186 2145 1854 2201; baseline 0.005 -20"><span class='ocrx_word' id='word_1_210' title='bbox 186 2155 253 2182; x_wconf 70' lang='lat' dir='ltr'><em>The</em></span> <span class='ocrx_word' id='word_1_211' title='bbox 275 2154 396 2185; x_wconf 77' lang='lat' dir='ltr'><em>subiect</em></span> <span class='ocrx_word' id='word_1_212' title='bbox 417 2154 445 2181; x_wconf 79' lang='lat' dir='ltr'><em>in</em></span> <span class='ocrx_word' id='word_1_213' title='bbox 472 2145 613 2186; x_wconf 90' lang='lat' dir='ltr'><em>futuri.</em></span> <span class='ocrx_word' id='word_1_214' title='bbox 644 2147 696 2186; x_wconf 90' lang='lat' dir='ltr'><em>Et</em></span> <span class='ocrx_word' id='word_1_215' title='bbox 724 2147 890 2200; x_wconf 79' lang='lat' dir='ltr'><em>gaudeo</em></span> <span class='ocrx_word' id='word_1_216' title='bbox 914 2147 1043 2186; x_wconf 87' lang='lat' dir='ltr'><em>tercio</em></span> <span class='ocrx_word' id='word_1_217' title='bbox 1067 2148 1185 2201; x_wconf 88' lang='lat' dir='ltr'><em>quod</em></span> <span class='ocrx_word' id='word_1_218' title='bbox 1209 2148 1407 2201; x_wconf 84' lang='lat' dir='ltr'><em>magistra</em></span> <span class='ocrx_word' id='word_1_219' title='bbox 1430 2157 1470 2188; x_wconf 90' lang='lat' dir='ltr'><em>et</em></span> <span class='ocrx_word' id='word_1_220' title='bbox 1492 2158 1624 2189; x_wconf 81' lang='lat' dir='ltr'><em>mater</em></span> <span class='ocrx_word' id='word_1_221' title='bbox 1655 2159 1796 2190; x_wconf 89' lang='lat' dir='ltr'><em>nostra</em></span> <span class='ocrx_word' id='word_1_222' title='bbox 1813 2164 1854 2197; x_wconf 86' lang='lat'><em>25</em></span> 
     </span>
    </p>
   </div>
   <div class='ocr_carea' id='block_1_5' title="bbox 212 2190 1796 2273">
    <p class='ocr_par' dir='ltr' id='par_1_7' title="bbox 212 2190 1796 2273">
     <span class='ocr_line' id='line_1_27' title="bbox 212 2190 1796 2273; baseline 0.005 -21"><span class='ocrx_word' id='word_1_223' title='bbox 212 2190 421 2252; x_wconf 45' lang='lat' dir='ltr'><em>eiiiizisshisidililt}</em></span> <span class='ocrx_word' id='word_1_224' title='bbox 473 2216 676 2269; x_wconf 79' lang='lat' dir='ltr'><em>scriptura</em></span> <span class='ocrx_word' id='word_1_225' title='bbox 720 2215 846 2256; x_wconf 85' lang='lat' dir='ltr'><em>habet</em></span> <span class='ocrx_word' id='word_1_226' title='bbox 885 2225 1009 2256; x_wconf 88' lang='lat' dir='ltr'><em>testes</em></span> <span class='ocrx_word' id='word_1_227' title='bbox 1055 2217 1295 2258; x_wconf 85' lang='lat' dir='ltr'><em>conformes</em></span> <span class='ocrx_word' id='word_1_228' title='bbox 1341 2219 1493 2259; x_wconf 81' lang='lat' dir='ltr'><em>sanctis</em></span> <span class='ocrx_word' id='word_1_229' title='bbox 1539 2220 1796 2273; x_wconf 84' lang='lat' dir='ltr'><em>doctoribus,</em></span> 
     </span>
    </p>
   </div>
   <div class='ocr_carea' id='block_1_6' title="bbox 218 2260 1854 2695">
    <p class='ocr_par' dir='ltr' id='par_1_8' title="bbox 218 2260 1854 2695">
     <span class='ocr_line' id='line_1_28' title="bbox 218 2260 1798 2343; baseline 0.005 -21"><span class='ocrx_word' id='word_1_230' title='bbox 218 2260 424 2323; x_wconf 47' lang='lat' dir='ltr'><em>b‘iiiiuicfhli&#39;e</em></span> <span class='ocrx_word' id='word_1_231' title='bbox 474 2285 561 2326; x_wconf 88' lang='lat' dir='ltr'><em>eius</em></span> <span class='ocrx_word' id='word_1_232' title='bbox 608 2286 889 2326; x_wconf 84' lang='lat' dir='ltr'><em>eminenciam</em></span> <span class='ocrx_word' id='word_1_233' title='bbox 933 2296 1188 2334; x_wconf 77' lang='lat' dir='ltr'><em>attestanteS,</em></span> <span class='ocrx_word' id='word_1_234' title='bbox 1230 2288 1286 2328; x_wconf 89' lang='lat' dir='ltr'><em>sic</em></span> <span class='ocrx_word' id='word_1_235' title='bbox 1328 2297 1467 2328; x_wconf 79' lang='lat' dir='ltr'><em>tamen</em></span> <span class='ocrx_word' id='word_1_236' title='bbox 1503 2291 1619 2343; x_wconf 88' lang='lat' dir='ltr'><em>quod</em></span> <span class='ocrx_word' id='word_1_237' title='bbox 1659 2291 1798 2331; x_wconf 82' lang='lat' dir='ltr'><em>dicant</em></span> 
     </span>
     <span class='ocr_line' id='line_1_29' title="bbox 475 2357 1797 2410; baseline 0.005 -16"><span class='ocrx_word' id='word_1_238' title='bbox 475 2365 782 2410; x_wconf 86' lang='lat' dir='ltr'><em>consequenter</em></span> <span class='ocrx_word' id='word_1_239' title='bbox 827 2357 942 2396; x_wconf 80' lang='lat' dir='ltr'><em>illam</em></span> <span class='ocrx_word' id='word_1_240' title='bbox 988 2371 1117 2397; x_wconf 86' lang='lat' dir='ltr'><em>unam</em></span> <span class='ocrx_word' id='word_1_241' title='bbox 1163 2357 1288 2398; x_wconf 82' lang='lat' dir='ltr'><em>fidem</em></span> <span class='ocrx_word' id='word_1_242' title='bbox 1329 2359 1480 2399; x_wconf 86' lang='lat' dir='ltr'><em>habere</em></span> <span class='ocrx_word' id='word_1_243' title='bbox 1525 2373 1659 2400; x_wconf 88' lang='lat' dir='ltr'><em>unum</em></span> <span class='ocrx_word' id='word_1_244' title='bbox 1700 2362 1797 2401; x_wconf 87' lang='lat' dir='ltr'><em>sub-</em></span> 
     </span>
     <span class='ocr_line' id='line_1_30' title="bbox 475 2427 1797 2483; baseline 0.005 -18"><span class='ocrx_word' id='word_1_245' title='bbox 475 2427 629 2466; x_wconf 87' lang='lat' dir='ltr'><em>iectum</em></span> <span class='ocrx_word' id='word_1_246' title='bbox 653 2428 768 2480; x_wconf 87' lang='lat' dir='ltr'><em>quod</em></span> <span class='ocrx_word' id='word_1_247' title='bbox 803 2436 863 2467; x_wconf 90' lang='lat' dir='ltr'><em>est</em></span> <span class='ocrx_word' id='word_1_248' title='bbox 896 2441 1048 2481; x_wconf 85' lang='lat' dir='ltr'><em>corpus</em></span> <span class='ocrx_word' id='word_1_249' title='bbox 1078 2428 1262 2480; x_wconf 85' lang='lat' dir='ltr'><em>ecclesie,</em></span> <span class='ocrx_word' id='word_1_250' title='bbox 1287 2438 1325 2469; x_wconf 93' lang='lat' dir='ltr'><em>et</em></span> <span class='ocrx_word' id='word_1_251' title='bbox 1348 2438 1447 2470; x_wconf 88' lang='lat' dir='ltr'><em>tunc</em></span> <span class='ocrx_word' id='word_1_252' title='bbox 1471 2439 1640 2483; x_wconf 85' lang='lat' dir='ltr'><em>oportet</em></span> <span class='ocrx_word' id='word_1_253' title='bbox 1662 2431 1797 2472; x_wconf 89' lang='lat' dir='ltr'><em>dicere</em></span> 
     </span>
     <span class='ocr_line' id='line_1_31' title="bbox 475 2497 1854 2553; baseline 0.005 -18"><span class='ocrx_word' id='word_1_254' title='bbox 475 2497 592 2550; x_wconf 87' lang='lat' dir='ltr'><em>quod</em></span> <span class='ocrx_word' id='word_1_255' title='bbox 637 2497 740 2536; x_wconf 88' lang='lat' dir='ltr'><em>illud</em></span> <span class='ocrx_word' id='word_1_256' title='bbox 789 2512 941 2551; x_wconf 84' lang='lat' dir='ltr'><em>corpus</em></span> <span class='ocrx_word' id='word_1_257' title='bbox 995 2499 1247 2552; x_wconf 85' lang='lat' dir='ltr'><em>dispergitur</em></span> <span class='ocrx_word' id='word_1_258' title='bbox 1299 2499 1406 2539; x_wconf 90' lang='lat' dir='ltr'><em>inter</em></span> <span class='ocrx_word' id='word_1_259' title='bbox 1457 2509 1595 2553; x_wconf 82' lang='lat' dir='ltr'><em>patres</em></span> <span class='ocrx_word' id='word_1_260' title='bbox 1647 2501 1854 2546; x_wconf 84' lang='lat' dir='ltr'><em>veteris30</em></span> 
     </span>
     <span class='ocr_line' id='line_1_32' title="bbox 474 2567 1796 2623; baseline 0.002 -16"><span class='ocrx_word' id='word_1_261' title='bbox 474 2567 714 2607; x_wconf 80' lang='lat' dir='ltr'><em>testamenti</em></span> <span class='ocrx_word' id='word_1_262' title='bbox 749 2577 835 2607; x_wconf 75' lang='lat' dir='ltr'><em>tam</em></span> <span class='ocrx_word' id='word_1_263' title='bbox 870 2570 1058 2609; x_wconf 87' lang='lat' dir='ltr'><em>Hebreos</em></span> <span class='ocrx_word' id='word_1_264' title='bbox 1098 2583 1227 2623; x_wconf 85' lang='lat' dir='ltr'><em>quam</em></span> <span class='ocrx_word' id='word_1_265' title='bbox 1259 2570 1433 2623; x_wconf 84' lang='lat' dir='ltr'><em>gentiles</em></span> <span class='ocrx_word' id='word_1_266' title='bbox 1466 2580 1504 2610; x_wconf 88' lang='lat' dir='ltr'><em>et</em></span> <span class='ocrx_word' id='word_1_267' title='bbox 1538 2585 1623 2610; x_wconf 90' lang='lat' dir='ltr'><em>non</em></span> <span class='ocrx_word' id='word_1_268' title='bbox 1665 2581 1796 2611; x_wconf 87' lang='lat' dir='ltr'><em>artare</em></span> 
     </span>
     <span class='ocr_line' id='line_1_33' title="bbox 474 2636 1796 2695; baseline 0.005 -20"><span class='ocrx_word' id='word_1_269' title='bbox 474 2636 616 2689; x_wconf 88' lang='lat' dir='ltr'><em>ipsum</em></span> <span class='ocrx_word' id='word_1_270' title='bbox 660 2638 711 2676; x_wconf 90' lang='lat' dir='ltr'><em>ad</em></span> <span class='ocrx_word' id='word_1_271' title='bbox 757 2647 925 2691; x_wconf 87' lang='lat' dir='ltr'><em>tempus</em></span> <span class='ocrx_word' id='word_1_272' title='bbox 974 2648 1069 2692; x_wconf 83' lang='lat' dir='ltr'><em>post</em></span> <span class='ocrx_word' id='word_1_273' title='bbox 1113 2648 1296 2680; x_wconf 87' lang='lat' dir='ltr'><em>mortem</em></span> <span class='ocrx_word' id='word_1_274' title='bbox 1342 2639 1496 2680; x_wconf 87' lang='lat' dir='ltr'><em>Christi</em></span> <span class='ocrx_word' id='word_1_275' title='bbox 1541 2649 1581 2681; x_wconf 91' lang='lat' dir='ltr'><em>et</em></span> <span class='ocrx_word' id='word_1_276' title='bbox 1626 2650 1796 2695; x_wconf 88' lang='lat' dir='ltr'><em>gentem</em></span> 
     </span>
    </p>
   </div>
   <div class='ocr_carea' id='block_1_7' title="bbox 473 2707 1155 2760">
    <p class='ocr_par' dir='ltr' id='par_1_9' title="bbox 473 2707 1155 2760">
     <span class='ocr_line' id='line_1_34' title="bbox 473 2707 1155 2760; baseline 0.004 -14"><span class='ocrx_word' id='word_1_277' title='bbox 473 2707 632 2760; x_wconf 85' lang='lat' dir='ltr'><em>vulgari</em></span> <span class='ocrx_word' id='word_1_278' title='bbox 666 2707 839 2748; x_wconf 89' lang='lat' dir='ltr'><em>nomine</em></span> <span class='ocrx_word' id='word_1_279' title='bbox 872 2709 1155 2750; x_wconf 85' lang='lat' dir='ltr'><em>christianam.</em></span> 
     </span>
    </p>
   </div>
   <div class='ocr_carea' id='block_1_8' title="bbox 473 2901 1793 3031">
    <p class='ocr_par' dir='ltr' id='par_1_10' title="bbox 473 2901 1793 3031">
     <span class='ocr_line' id='line_1_35' title="bbox 526 2901 1793 2940; baseline 0.003 -11"><span class='ocrx_word' id='word_1_280' title='bbox 526 2906 554 2930; x_wconf 79' lang='lat' dir='ltr'><em>t).</em></span> <span class='ocrx_word' id='word_1_281' title='bbox 574 2909 600 2937; x_wconf 89' lang='lat'><em>7.</em></span> <span class='ocrx_word' id='word_1_282' title='bbox 622 2902 661 2929; x_wconf 77' lang='lat'><em>13:</em></span> <span class='ocrx_word' id='word_1_283' title='bbox 684 2901 720 2929; x_wconf 87' lang='lat' dir='ltr'><em>de</em></span> <span class='ocrx_word' id='word_1_284' title='bbox 742 2902 855 2937; x_wconf 82' lang='lat' dir='ltr'><em>quibus</em></span> <span class='ocrx_word' id='word_1_285' title='bbox 878 2903 1032 2938; x_wconf 78' lang='lat' dir='ltr'><em>loquitur:</em></span> <span class='ocrx_word' id='word_1_286' title='bbox 1058 2903 1087 2930; x_wconf 86' lang='lat' dir='ltr'><em>in</em></span> <span class='ocrx_word' id='word_1_287' title='bbox 1110 2907 1192 2930; x_wconf 82' lang='lat' dir='ltr'><em>textu</em></span> <span class='ocrx_word' id='word_1_288' title='bbox 1214 2904 1314 2937; x_wconf 56' lang='lat' dir='ltr'><em>Aug:</em></span> <span class='ocrx_word' id='word_1_289' title='bbox 1336 2904 1479 2937; x_wconf 69' lang='lat' dir='ltr'><em>legimus.</em></span> <span class='ocrx_word' id='word_1_290' title='bbox 1554 2913 1580 2940; x_wconf 92' lang='lat'><em>7.</em></span> <span class='ocrx_word' id='word_1_291' title='bbox 1603 2905 1640 2932; x_wconf 88' lang='lat' dir='ltr'><em>B:</em></span> <span class='ocrx_word' id='word_1_292' title='bbox 1663 2905 1707 2933; x_wconf 90' lang='lat' dir='ltr'><em>eis</em></span> <span class='ocrx_word' id='word_1_293' title='bbox 1728 2905 1793 2933; x_wconf 82' lang='lat' dir='ltr'><em>fuit.</em></span> 
     </span>
     <span class='ocr_line' id='line_1_36' title="bbox 475 2948 1792 2987; baseline 0.003 -12"><span class='ocrx_word' id='word_1_294' title='bbox 475 2948 503 2977; x_wconf 88' lang='lat'><em>8.</em></span> <span class='ocrx_word' id='word_1_295' title='bbox 519 2957 547 2984; x_wconf 78' lang='grc' dir='ltr'><em>ς).</em></span> <span class='ocrx_word' id='word_1_296' title='bbox 571 2949 608 2975; x_wconf 72' lang='lat'><em>13:</em></span> <span class='ocrx_word' id='word_1_297' title='bbox 631 2953 674 2976; x_wconf 82' lang='lat' dir='ltr'><em>tot</em></span> <span class='ocrx_word' id='word_1_298' title='bbox 690 2957 740 2976; x_wconf 85' lang='lat' dir='ltr'><em>eas</em></span> <span class='ocrx_word' id='word_1_299' title='bbox 758 2950 890 2984; x_wconf 81' lang='lat' dir='ltr'><em>quisque</em></span> <span class='ocrx_word' id='word_1_300' title='bbox 905 2950 998 2977; x_wconf 82' lang='lat' dir='ltr'><em>audet</em></span> <span class='ocrx_word' id='word_1_301' title='bbox 1019 2951 1129 2984; x_wconf 82' lang='lat' dir='ltr'><em>dicere,</em></span> <span class='ocrx_word' id='word_1_302' title='bbox 1152 2955 1226 2986; x_wconf 87' lang='lat' dir='ltr'><em>quot</em></span> <span class='ocrx_word' id='word_1_303' title='bbox 1247 2951 1331 2978; x_wconf 77' lang='lat' dir='ltr'><em>tides.</em></span> <span class='ocrx_word' id='word_1_304' title='bbox 1443 2959 1484 2987; x_wconf 84' lang='lat'><em>¹9·</em></span> <span class='ocrx_word' id='word_1_305' title='bbox 1507 2951 1545 2978; x_wconf 74' lang='lat'><em>13:</em></span> <span class='ocrx_word' id='word_1_306' title='bbox 1568 2952 1641 2979; x_wconf 78' lang='lat' dir='ltr'><em>fides</em></span> <span class='ocrx_word' id='word_1_307' title='bbox 1657 2957 1703 2979; x_wconf 84' lang='lat' dir='ltr'><em>cst</em></span> <span class='ocrx_word' id='word_1_308' title='bbox 1723 2960 1792 2987; x_wconf 84' lang='lat' dir='ltr'><em>que.</em></span> 
     </span>
     <span class='ocr_line' id='line_1_37' title="bbox 473 2995 924 3031; baseline 0.002 -9"><span class='ocrx_word' id='word_1_309' title='bbox 473 2996 515 3024; x_wconf 80' lang='lat'><em>23.</em></span> <span class='ocrx_word' id='word_1_310' title='bbox 537 3003 584 3028; x_wconf 78' lang='lat'><em>24.</em></span> <span class='ocrx_word' id='word_1_311' title='bbox 606 2995 642 3022; x_wconf 78' lang='lat' dir='ltr'><em>ss:</em></span> <span class='ocrx_word' id='word_1_312' title='bbox 665 3003 726 3031; x_wconf 84' lang='lat' dir='ltr'><em>que</em></span> <span class='ocrx_word' id='word_1_313' title='bbox 746 2996 924 3024; x_wconf 85' lang='lat' dir='ltr'><em>credantur.</em></span> 
     </span>
    </p>
   </div>
  </div>
 </body>
</html>
