2045 3312
126 299 207 350 334
867 302 1091 336 JOHANNIS
1119 301 1316 335 WYCLIF.
1539 285 1646 345 [CAP.
1667 296 1736 325 xv.

414 411 614 465 spicimus
628 411 677 450 de
695 410 971 464 pseudopapa
986 417 1026 448 et
1041 408 1126 448 suis
1142 406 1587 461 pseudocardinalibus
1602 405 1673 459 qui
1690 418 1738 445 ex
1759 417 1835 458 175⁰
1854 415 1888 448 D

127 490 402 562 citssmisfffliedffitpzf
416 481 612 535 cupidine
636 480 765 521 fastus
788 489 827 520 et
846 487 1034 533 questus,
1058 491 1144 517 non
1168 486 1310 517 autem
1329 490 1377 516 ex
1394 476 1591 530 cupidine
1615 474 1737 515 meri-

126 566 185 592 and
207 552 507 614 his‘sqppor-torii
538 551 750 606 profectus
783 548 1036 590 conturbant
1077 557 1264 588 sanctam
1297 556 1475 586 matrem
1509 545 1737 586 ecclesiam.

136 605 389 698 Fllc)¹}ifk{fluzgnq
475 622 628 662 Tercio
662 634 862 675 suppono
904 619 1011 660 facta
1050 632 1198 672 regum
1230 617 1383 670 Anglie
1421 616 1612 670 superius
1651 626 1780 658 τηε-8
1805 625 1838 658 Ε

142 680 388 767 ,ζιὲξιέέῖξοῑιξρ-ἆκῑ
415 702 578 733 morata
611 701 649 732 et
682 689 1039 745 perseveranciam
1073 688 1178 741 regis
1211 697 1250 728 et
1283 687 1397 741 regni
1431 688 1482 727 ad
1515 686 1774 727 defenden·5

154 778 224 803 mus
246 748 373 802 deniifii
415 765 517 803 dum
562 763 669 802 hanc
714 770 965 815 potestatem
1011 769 1234 812 tamquam
1276 758 1508 811 legitimam
1556 767 1595 797 et
1637 756 1741 809 regis

416 834 567 884 Anglie
601 833 849 886 precipuam
899 830 1109 884 regaliam.
1156 831 1216 869 Ex
1263 842 1348 882 quo
1394 828 1582 882 sequitur
1626 827 1741 879 quod

417 904 494 956 ipsi
519 911 768 956 supponunt
791 902 871 941 hoc
894 901 999 954 regis
1029 900 1293 953 privilegium
1318 913 1403 938 non
1429 912 1517 937 esse
1539 896 1741 936 catholice

416 974 573 1013 veritati
610 973 830 1012 dissonum
863 972 933 1011 sed
967 984 1221 1021 consonum,
1264 983 1362 1009 cum
1396 967 1461 1024 (ut
1493 967 1656 1011 dicunt)
1691 966 1742 1005 sit

419 1044 631 1083 fundabile
677 1043 717 1082 in
752 1042 953 1095 scriptura
1000 1041 1040 1079 in
1074 1055 1155 1093 qua
1189 1040 1329 1078 omnis
1374 1038 1522 1078 veritas
1573 1047 1612 1076 et
1655 1050 1739 1075 non
1762 1057 1800 1077 10

418 1115 493 1153 nisi
528 1114 677 1154 veritas
711 1113 916 1153 catholica
949 1120 1009 1152 est
1041 1120 1250 1161 contenta.

478 1186 538 1224 Ex
571 1185 658 1224 istis
692 1184 749 1223 sic
782 1193 934 1236 arguo:
980 1183 1114 1235 Reges
1149 1180 1298 1233 Anglie
1343 1193 1439 1232 sepe
1484 1178 1743 1217 abstulerunt

421 1255 668 1307 temporalia
693 1253 938 1306 simpliciter
970 1266 991 1291 a
1026 1252 1136 1291 clero
1170 1264 1264 1300 SUO,
1298 1259 1343 1289 ut
1366 1257 1480 1302 patet
1513 1262 1560 1287 ex
1584 1261 1741 1300 suppo-

421 1326 577 1365 sicione
610 1325 747 1375 tercia,
781 1333 820 1363 et
853 1337 927 1362 nec
952 1336 1139 1375 unquam
1166 1321 1428 1360 abstulerunt
1460 1318 1516 1358 sic
1545 1317 1742 1371 legitime,

131 1406 497 1455 omine-qomovsnec
531 1404 761 1448 potuerunt
806 1393 989 1447 legitime
1032 1393 1088 1431 sic
1135 1391 1307 1442 anferre,
1353 1398 1399 1429 ut
1444 1397 1557 1442 patet
1601 1402 1647 1426 ex
1682 1397 1800 1430 se·15

130 1442 405 1524 *ini'xfiiiffgiiiiivihe
422 1467 558 1506 cunda
607 1464 878 1505 conclusione
923 1473 962 1502 et
1005 1462 1128 1502 tercia
1174 1460 1370 1501 doctoris,
1423 1459 1534 1511 Ergo
1579 1458 1618 1496 in
1666 1458 1744 1496 hoc

151 1514 387 1583 actepfflssfpng-
423 1536 610 1576 fecerunt
648 1535 826 1588 qualiter
864 1546 950 1572 non
991 1540 1223 1585 potuerunt
1256 1529 1441 1582 legitime
1475 1528 1619 1568 facere.
1684 1528 1743 1566 Ex

422 1621 508 1660 quo
553 1605 741 1659 sequitur
794 1604 901 1643 ultra
951 1603 1067 1656 quod
1112 1602 1151 1640 in
1211 1601 1291 1640 hoc
1338 1599 1523 1639 fecerunt
1568 1597 1745 1651 qualiter

423 1691 507 1716 non
542 1684 774 1729 potuerunt
808 1673 1019 1713 meritorie
1051 1671 1115 1711 vel
1149 1672 1198 1710 de
1220 1669 1246 1697 ²¹²
1268 1671 1358 1722 lege
1391 1669 1464 1708 Dei
1515 1668 1659 1719 facere,
1705 1677 1744 1707 et
1766 1675 1843 1720 175¹*

424 1761 521 1788 cum
554 1759 682 1785 omne
714 1758 823 1797 opus
856 1744 1092 1783 humanum
1126 1755 1172 1781 ex
1206 1739 1510 1780 deliberacione
1543 1753 1617 1778 sua
1651 1751 1742 1790 pre-
1762 1757 1803 1778 πο

426 1819 574 1857 cedens
608 1817 659 1856 sit
691 1815 928 1868 legitimum
959 1813 1023 1852 vel
1058 1811 1340 1865 illegitimum,
1380 1809 1644 1848 meritorium
1681 1808 1745 1847 vel

425 1885 757 1933 demeritorium,
791 1884 980 1937 sequitur
1012 1882 1129 1935 quod
1166 1880 1377 1933 illegitime
1411 1889 1450 1919 et
1482 1878 1746 1918 demeritorie

425 1958 481 1997 sic
516 1957 715 2004 fecerunt,
762 1963 800 1994 et
833 1955 939 1993 ultra
973 1952 1161 2005 sequitur
1195 1951 1308 2004 quod
1343 1949 1580 1989 inciderunt
1614 1957 1659 1987 ut
1691 1947 1746 1986 sic

424 2028 464 2067 in
490 2041 669 2067 errorem
695 2025 994 2078 periculosum,
1019 2022 1117 2076 quia
1135 2031 1221 2060 tam
1247 2020 1434 2073 corporis
1457 2033 1585 2072 quam
1610 2018 1747 2057 anime

426 2096 748 2151 dampnabiliter
780 2094 1048 2149 perditivum.
1081 2093 1133 2132 Et
1165 2091 1389 2144 supposito
1423 2103 1559 2130 errore
1592 2089 1671 2128 isto
1705 2089 1744 2126 in
1764 2096 1802 2129 25

428 2168 550 2219 facto,
584 2175 697 2220 patet
728 2166 845 2220 quod
879 2173 939 2204 est
971 2162 1236 2217 pertinaciter
1269 2161 1520 2211 defensatus,
1554 2159 1653 2213 quia
1680 2173 1745 2198 rex

426 2247 465 2278 et
516 2251 695 2290 regnum
755 2243 994 2275 constanter
1053 2232 1284 2272 defendunt
1336 2231 1442 2269 lianc
1496 2238 1747 2283 potestatem

137 2317 647 2379 arfflecgnatlrffiffictotamquam
691 2305 923 2359 legitimam
969 2304 1100 2344 eciam
1146 2315 1280 2356 usque
1324 2302 1375 2340 ad
1421 2309 1604 2339 mortem
1651 2313 1748 2339 cum

230 2372 321 2419 sesirlu
425 2378 565 2431 gladio
607 2377 635 2416 si
677 2384 857 2429 oportet.
898 2375 950 2414 Et
989 2373 1102 2428 quod
1137 2385 1250 2412 error
1281 2371 1354 2410 iste
1387 2370 1439 2409 sit
1461 2370 1615 2409 directe
1648 2383 1747 2409 con-

426 2448 574 2488 trarius
600 2445 801 2486 catholice
825 2444 1000 2492 veritati,
1017 2452 1128 2496 patet
1151 2441 1364 2495 tripliciter
1387 2454 1432 2479 ex
1457 2440 1573 2479 datis.
1592 2439 1776 2491 Primo‚1

427 2517 524 2571 quia
563 2530 628 2556 rex
663 2516 719 2554 sic
754 2514 945 2554 faciendo
980 2512 1074 2552 fecit
1107 2512 1223 2565 quod
1257 2524 1340 2549 non
1376 2510 1491 2549 licuit
1525 2523 1598 2548 nec
1629 2509 1749 2548 licere

427 2587 578 2640 potuit,
624 2594 669 2625 ut
714 2584 902 2638 sequitur
945 2598 992 2623 ex
1038 2582 1156 2623 datis.
1202 2581 1410 2630 Secundo,
1457 2579 1554 2632 quia
1598 2579 1749 2618 iniuste

484 2743 521 2763 12.
543 2734 570 2762 Α
591 2735 621 2762 in
644 2742 758 2769 marga
786 2733 887 2761 Prima
910 2733 1006 2760 racio.
1149 2730 1191 2759 21³.
1221 2730 1259 2757 13:
1286 2735 1316 2757 nt
1341 2729 1369 2756 in
1392 2736 1538 2756 errorem.
1614 2726 1657 2754 130,
1687 2728 1746 2761 A1²

430 2782 569 2817 corrigit:
592 2790 627 2809 ex
648 2780 746 2808 dictis.

496 2900 544 2920 12.
572 2889 695 2930 Comp.
722 2887 864 2918 loannis
892 2887 976 2918 llus.
1013 2886 1063 2916 De
1089 2884 1269 2916 ablacione
1296 2883 1472 2915 bonorum
1501 2880 1748 2923 temporalium

437 2959 452 2978 :i
482 2948 626 2979 clericis.
654 2946 787 2989 (Opera
815 2946 867 2976 ed.
896 2942 1187 2983 Norinlwergensis
1220 2942 1314 2983 1558,
1343 2949 1424 2972 tom.
1454 2942 1477 2981 l,
1503 2941 1561 2971 l'ol.
1589 2937 1749 2979 (lxxw.)
