2045 3312
111 291 191 330 350
831 301 1056 334 JOHANNIS
1084 300 1280 334 wremF.
1519 285 1626 345 [CAP.
1651 298 1720 327 xv.

399 415 458 446 est
480 406 531 445 de
553 405 722 446 ecclesia
736 406 1023 460 triumphante
1055 405 1120 462 (ut
1148 416 1317 447 notatur
1338 407 1388 447 Is.
1411 405 1725 461 XIV0).Viat0r
1746 421 1821 460 177⁰
1841 416 1876 449 P

400 488 499 529 ergo
545 484 657 516 extra
701 476 896 516 ordinem
941 477 1063 517 debet
1095 477 1245 517 habere
1278 477 1516 517 subsidium
1547 491 1570 516 a
1603 476 1725 517 fratre

400 545 605 585 inferioris
639 546 811 599 ordinis,
846 561 945 587 curn
977 561 1049 601 pes
1082 547 1197 588 iuvat
1221 548 1410 600 oculum,
1444 547 1576 588 eciam
1609 556 1723 587 utro-

401 629 483 670 que
537 626 727 657 servante
780 617 1063 670 integritatem
1118 618 1320 671 corporis.
1369 619 1421 658 Et
1465 618 1520 658 ita
1563 617 1727 658 videtur

401 686 685 727 Lincolniensi
709 688 825 741 quod
847 688 1019 742 angelus
1042 687 1268 741 superioris
1291 687 1448 728 ordinis
1466 687 1760 734 illuminatur5

401 757 451 797 ab
484 758 633 810 angelo
667 757 875 798 inferioris
909 757 1082 810 ordinis,
1116 771 1213 798 cum
1248 772 1395 798 omnes
1420 757 1527 798 beati
1558 757 1727 811 spiritus

401 841 488 866 sese
536 827 682 867 iuvant
714 827 939 881 reciproce,
972 843 1120 882 ymmo
1154 827 1220 884 (ut
1251 829 1350 868 alias
1384 827 1505 883 dixi):
1550 828 1728 868 Michael

403 906 442 936 et
474 910 623 937 omnes
656 897 791 951 angeli
824 898 1031 939 inferioris
1065 898 1221 939 ordinis
1257 898 1493 939 confirmati
1516 897 1540 918 '³²²
1561 913 1722 952 pugna·
1749 908 1827 953 177‘¹

405 976 502 1008 runt
535 977 678 1008 contra
723 969 950 1009 draconem
983 968 1226 1010 Luciferum
1260 978 1299 1009 et
1332 978 1476 1009 contra
1500 968 1727 1021 complices

406 1051 505 1077 suos
528 1047 826 1092 apostatantes,
861 1053 989 1092 quare
1023 1053 1122 1092 ergo
1155 1053 1241 1079 non
1276 1039 1397 1079 debet
1429 1052 1516 1079 esse
1549 1052 1787 1092 propor-10

406 1108 623 1149 cionaliter
657 1109 696 1147 in
731 1109 1006 1149 ecclesiastica
1038 1106 1261 1149 ierarchia?

158 1187 342 1222 Obiection:
465 1179 546 1218 Sed
570 1179 669 1218 alias
704 1179 841 1219 insteti
876 1194 949 1233 per
980 1180 1060 1220 hoc
1093 1181 1209 1234 quod
1244 1180 1358 1220 nulla
1390 1189 1576 1234 potestas
1603 1179 1781 1233 puni-Q

142 1224 363 1287 'ciqiiiizrciiiifg
407 1249 489 1289 tiva
538 1249 668 1289 civilis
713 1265 754 1290 se
799 1251 983 1291 extendit
1032 1252 1082 1291 ad
1133 1251 1315 1305 amplius
1361 1265 1489 1304 quam
1547 1259 1731 1304 potestas

114 1295 581 1378 11eii¹12⁰r³¹c¹¹issfiheyciviliter
613 1321 875 1372 dominandi,
911 1322 981 1361 sed
1017 1335 1102 1360 non
1136 1321 1231 1362 licet
1254 1322 1363 1362 civili
1387 1321 1564 1361 domino
1594 1320 1730 1360 domi-

144 1374 232 1393 serve
253 1365 365 1401 cmlly.
408 1390 493 1429 nari
541 1390 714 1431 civiliter
758 1405 884 1444 super
932 1391 1096 1444 clerico,
1145 1406 1243 1432 cum
1298 1392 1470 1432 clericus
1517 1391 1582 1431 cui
1628 1391 1788 1436 soret15

406 1460 567 1501 licitum
629 1462 779 1502 servire
838 1462 1012 1502 civiliter
1071 1472 1213 1516 posset
1271 1462 1503 1502 coloracius
1562 1461 1734 1501 civiliter

408 1532 631 1574 dominari.

127 1613 205 1641 This
228 1614 304 1662 does
326 1619 379 1641 not
465 1604 545 1643 Sed
578 1603 644 1643 hic
676 1617 773 1656 sepe
807 1604 887 1643 dixi
934 1605 1048 1658 quod
1083 1605 1133 1644 de
1165 1604 1255 1657 lege
1288 1613 1432 1643 nature
1477 1611 1515 1642 et
1560 1602 1610 1641 de
1642 1601 1732 1653 lege

192 1649 306 1677 fonou.
408 1674 607 1728 evangelii
643 1688 726 1727 qua
759 1675 1028 1728 astringimur
1074 1675 1123 1714 ad
1158 1674 1476 1727 correpeionem
1508 1673 1731 1713 fraternam

407 1745 529 1783 debet
574 1758 641 1784 rex
676 1745 827 1797 Anglie
867 1744 1073 1797 corripere
1108 1744 1267 1785 clerum
1317 1758 1456 1795 suum,
1503 1757 1577 1782 nee
1610 1742 1732 1781 video
1751 1765 1791 1786 20

408 1814 510 1867 quin
552 1824 631 1854 stat
672 1814 869 1854 clericum
904 1815 1053 1855 servire
1088 1814 1262 1854 civiliter
1295 1828 1344 1854 eo
1376 1815 1490 1868 quod
1527 1811 1734 1853 dominari

409 1885 581 1925 civiliter
629 1885 726 1924 dicit
766 1885 1020 1938 superbiam.
1069 1885 1149 1925 Sed
1197 1885 1347 1925 servire
1381 1885 1551 1925 civiliter
1597 1892 1736 1937 potest

409 1969 496 1996 esse
530 1955 618 1995 sine
650 1965 838 2009 peccato.
887 1957 973 1995 Nec
1007 1965 1175 2009 oportet
1209 1956 1324 2010 quod
1358 1955 1415 1995 sic
1448 1955 1580 1995 homo
1613 1954 1736 1994 servit

409 2025 583 2065 civiliter
615 2027 731 2080 quod
774 2026 825 2065 sit
866 2039 1009 2066 servus
1043 2025 1186 2078 civilis,
1233 2040 1331 2066 cum
1364 2025 1504 2065 omnis
1537 2024 1736 2064 dominus

411 2096 563 2148 Anglie
610 2096 686 2136 sub
733 2110 828 2149 rege
874 2096 998 2136 servit
1042 2096 1117 2136 sibi
1165 2096 1350 2149 civiliter,
1405 2110 1503 2135 cum
1550 2096 1601 2135 sit
1645 2094 1733 2134 eius
1751 2106 1789 2138 25

411 2165 585 2205 servitor
623 2176 769 2206 tenens
814 2167 863 2206 de
912 2180 1006 2220 rege
1056 2166 1097 2205 in
1146 2166 1280 2219 capite
1326 2180 1398 2219 per
1443 2165 1611 2205 servicia
1656 2178 1734 2203 suo

410 2236 588 2276 domino
622 2238 759 2277 debita
792 2247 831 2277 et
870 2246 1082 2277 consueta.
1118 2238 1269 2277 Servus
1315 2246 1456 2277 autem
1502 2235 1631 2275 civilis
1676 2243 1736 2274 est

412 2307 589 2347 omnino
623 2322 766 2360 expers
799 2307 998 2348 libertatis
1032 2307 1175 2359 civilis,
1217 2316 1255 2347 et
1294 2306 1350 2347 sic
1384 2306 1569 2346 serviunt
1601 2304 1735 2345 clerici

412 2377 497 2429 regi
531 2378 670 2430 libere,
705 2378 777 2431 qni
801 2387 944 2418 tenent
976 2379 1026 2418 de
1058 2378 1130 2418 illo
1163 2377 1204 2417 in
1236 2377 1390 2431 capite3
1424 2386 1462 2416 et
1494 2376 1551 2415 sic
1574 2376 1737 2415 videtur

412 2447 514 2486 mihi
539 2449 655 2501 quod
686 2463 753 2488 rex
784 2458 925 2489 noster
948 2448 1070 2488 habet
1093 2462 1217 2501 super
1236 2448 1392 2488 clerum
1423 2460 1551 2487 suum
1579 2446 1734 2499 legium
1753 2456 1795 2488 30

413 2519 554 2570 quoad
595 2519 704 2559 bona
743 2527 888 2559 nature
935 2528 974 2559 et
1013 2519 1124 2558 bona
1158 2518 1323 2558 fortune
1356 2518 1589 2558 secundum
1634 2515 1735 2568 quid

468 2734 486 2753 1.
519 2727 539 2753 Β
562 2727 589 2754 in
613 2734 728 2760 marg:
760 2727 807 2753 Ad
839 2731 956 2754 tantum
979 2730 1078 2761 potest
1108 2725 1237 2752 clericus
1268 2724 1457 2759 delinquere,
1487 2723 1569 2758 qnod
1600 2731 1659 2750 non
1691 2729 1736 2752 est

416 2773 606 2801 credendum
630 2781 698 2800 enin
722 2781 846 2800 servare
868 2781 957 2800 sunm
980 2772 1133 2800 ordinem.
1279 2770 1315 2798 13.
1337 2772 1364 2798 A
1387 2771 1416 2798 in
1432 2779 1546 2805 marg.:
1567 2769 1733 2798 instancia.

415 2819 456 2847 18.
487 2821 514 2847 A
545 2829 573 2847 in
603 2828 720 2855 marg:
752 2820 854 2847 leucio.
999 2827 1038 2847 21.
1070 2819 1091 2846 13
1112 2819 1140 2846 in
1165 2827 1282 2855 marg:
1315 2817 1476 2845 Dominari
1506 2817 1635 2844 cixiliter
1664 2817 1736 2844 dicit

415 2867 608 2902 superbiam.
730 2866 771 2894 23.
793 2868 819 2893 Α
843 2867 871 2893 in
895 2874 1010 2900 marga
1034 2865 1245 2893 Condiciones
1266 2864 1344 2892 servi
1367 2864 1477 2891 civilis.
1596 2872 1640 2898 27.
1662 2863 1683 2890 B
1704 2863 1734 2890 in

416 2921 530 2948 marg:
551 2913 669 2940 Servus
690 2913 799 2940 civilis.
944 2913 989 2939 1³0.
1012 2913 1039 2939 A
1062 2912 1090 2939 in
1114 2920 1227 2946 marga
1257 2910 1317 2938 Rex
1338 2911 1429 2938 habet
1449 2911 1538 2937 civile
1560 2910 1734 2937 dominium

416 2967 509 2995 super
529 2961 658 2987 clerum.
