2045 3312
180 279 256 316 522
902 282 1130 315 ioiiANNis
1156 283 1359 316 WYCiiiF.
1582 268 1686 327 [CAP.
1706 279 1802 308 xxn.

464 390 590 441 tingit
624 389 735 428 enim
770 388 1008 441 specialiter
1045 389 1102 429 sic
1136 402 1304 428 sumere
1339 389 1500 428 bonum
1540 398 1580 429 et
1625 390 1785 429 malum
1804 403 1887 432 200²
1911 400 1941 434 G

464 460 581 514 quod
632 459 717 500 sint
763 459 841 499 sibi
888 459 989 512 ipsis
1043 459 1255 499 contraria
1301 459 1679 513 incompossibilia,
1742 468 1790 499 ut

464 531 655 585 loquitur
692 529 902 583 propheta
936 529 1040 569 Isaie
1071 530 1130 570 V⁰
1162 543 1269 583 cap.,
1318 540 1390 570 20:
1443 530 1497 570 Ve
1537 529 1609 584 qui
1645 528 1792 570 dicunt

465 602 621 642 bonum
655 601 816 640 malum
846 606 883 640 et
906 600 1069 640 malum
1103 600 1274 640 bonum.
1309 600 1371 640 Illi
1395 600 1508 640 enim
1541 599 1614 654 qui
1645 600 1792 640 dicunt

467 673 507 712 in
542 671 653 712 facto
687 671 923 711 bonitatem
959 671 1163 711 moralem
1209 685 1298 711 esse
1338 669 1550 711 maliciam
1588 670 1824 713 viciosamS

469 752 568 783 sunt
600 742 641 781 in
677 742 746 782 illa
779 740 1083 781 malediccione
1116 741 1380 795 prophetica.

176 826 355 856 Hostiensis
383 823 450 851 telis
526 814 647 864 Item,
689 812 928 852 Hostiensis
967 811 1088 864 infra,
1114 813 1175 852 De
1210 812 1569 864 Remissionibus‚
1604 812 1791 866 capitulo

220 862 408 932 fflsuigssiiciss'
472 883 636 933 Quibus
662 889 864 936 prosunt,
895 883 1076 937 loquens
1107 883 1157 922 de
1181 883 1460 936 indulgenciis
1491 883 1793 936 episcoporum

178 930 571 1005 cziignglirgabtgcsslyxiedicit
603 954 721 1007 quod
754 953 939 994 mortuis
973 953 1014 993 in
1048 953 1301 1007 purgatorio
1333 953 1506 994 caritate
1530 953 1791 994 continuatis

469 1024 639 1077 corpori
675 1023 834 1065 Christi
868 1034 1053 1077 prosunt
1086 1024 1138 1063 ad
1164 1023 1365 1077 suffragia
1389 1024 1540 1065 merita
1565 1024 1789 1064 militantis
1811 1043 1850 1065 io

469 1095 656 1146 ecclesie,
696 1095 769 1134 sed
824 1108 909 1134 non
962 1095 1201 1134 secundum
1256 1095 1472 1134 racionem
1526 1094 1791 1135 absolvendi.

469 1166 677 1214 Potestas,
724 1165 879 1219 inquit,
923 1165 1106 1205 clavium
1149 1179 1230 1205 non
1270 1165 1393 1205 habet
1431 1164 1490 1205 ibi
1525 1165 1680 1215 Iocum,
1720 1178 1795 1205 nec

468 1236 606 1276 obstat
657 1235 771 1289 quod
821 1236 996 1276 ecclesia
1041 1243 1143 1289 post
1195 1243 1373 1277 mortem
1427 1236 1535 1290 ligat
1584 1242 1624 1276 et
1672 1236 1797 1276 solvit

468 1306 640 1356 XX1V2¹‚
672 1320 710 1360 q.
736 1306 804 1348 11³.
840 1305 965 1346 Sane.
990 1307 1100 1346 Nam
1135 1306 1192 1346 ibi
1226 1306 1273 1346 fit
1307 1306 1526 1346 absolucio
1559 1306 1611 1346 ad
1643 1319 1794 1347 conso-

470 1378 678 1418 lacionem
711 1377 909 1416 vivorum
934 1375 1125 1417 fidelium
1151 1386 1191 1417 et
1215 1376 1515 1417 confusionem
1538 1375 1792 1429 infidelium,
1815 1383 1851 1416 15

472 1458 511 1488 et
545 1457 592 1488 ut
624 1448 798 1488 ecclesia
831 1456 924 1487 oret
957 1461 1036 1501 pro
1070 1455 1243 1487 mortuo
1277 1447 1490 1499 absoluto,
1524 1447 1584 1487 sic
1614 1457 1655 1488 et
1678 1447 1794 1500 equi-

470 1533 573 1559 voce
606 1518 842 1558 absolvitur
874 1526 1086 1571 mortuus,
1121 1518 1161 1557 id
1196 1526 1272 1570 est,
1308 1526 1537 1571 antequam
1572 1517 1793 1571 morietur,

470 1590 690 1630 absolutus
726 1588 855 1628 fuisse
890 1588 1154 1628 contricione
1188 1596 1468 1639 monstratur,
1504 1597 1544 1628 et
1566 1588 1625 1628 sic
1649 1588 1794 1641 quoad

474 1668 668 1700 mortuos
702 1659 806 1698 nihil
848 1659 931 1698 iam
966 1667 1181 1712 operatur.
1233 1659 1342 1698 Nam
1384 1659 1455 1698 ubi
1496 1667 1537 1699 te
1576 1658 1794 1710 invenero,

472 1731 528 1770 ibi
583 1739 625 1770 te
670 1730 884 1782 iudicabo,
934 1739 974 1769 et
1019 1729 1106 1769 sive
1155 1729 1281 1768 arbor
1328 1729 1451 1768 cadat
1498 1729 1551 1768 ad
1598 1737 1852 1768 austrumzo

472 1802 559 1841 sive
606 1800 658 1840 ad
704 1800 966 1853 aquilonem,
1014 1800 1071 1839 ibi
1119 1799 1218 1851 erit;
1268 1799 1341 1839 sed
1389 1799 1562 1839 ecclesia
1607 1799 1794 1839 militans

472 1884 570 1924 sepe
604 1870 709 1911 fallit
741 1880 781 1910 et
814 1870 988 1921 fallitur,
1013 1879 1059 1909 ut
1083 1869 1183 1909 dicit
1205 1869 1440 1921 decretalis,
1473 1869 1535 1908 De
1571 1868 1795 1908 Sentencia

182 1941 960 1992 >inc-etimpowerExcommunicacionis,
993 1940 1028 1979 A
1063 1940 1196 1980 nobis.
1231 1940 1339 1980 Nam
1375 1953 1460 1979 non
1495 1949 1690 1980 mortuos
1723 1939 1795 1979 sed

180 1989 456 2060 extssiiiisseoiiifffio
471 2012 591 2051 vivos
625 2011 823 2064 astringit
846 2020 1036 2065 potestas
1062 2011 1261 2063 clavium,
1297 2023 1393 2050 cum
1428 2010 1568 2049 solum
1603 2009 1661 2049 illi
1694 2010 1794 2049 sub-

218 2060 267 2087 ilie
289 2059 420 2088 militant
743 2082 750 2088 .
860 2081 867 2087 .
892 2081 898 2087 .
1002 2081 1009 2087 .
1251 2080 1258 2087 .
1370 2080 1377 2087 .
1571 2079 1578 2086 .
1652 2080 1659 2086 .
1717 2080 1724 2087 .

249 2095 384 2123 chureii.
473 2091 573 2122 sunt
607 2082 779 2121 ecclesie
813 2082 1034 2133 militanti,
1068 2089 1108 2120 et
1140 2090 1336 2134 sequitur
1369 2094 1409 2120 in
1444 2079 1527 2120 fine
1551 2080 1661 2119 tituli
1685 2079 1794 2120 diffi-
1812 2084 1853 2117 25

475 2153 585 2192 nicio
628 2151 828 2191 doctoris.
877 2151 920 2191 In
962 2151 1129 2191 inferno
1168 2164 1269 2190 vero
1309 2150 1411 2190 nihil
1451 2159 1686 2203 operantur
1717 2151 1796 2190 iste

476 2222 759 2275 indulgencie,
794 2222 892 2275 quia
927 2222 983 2261 ibi
1018 2222 1131 2262 nulla
1166 2230 1228 2261 est
1261 2219 1519 2273 redempcio.
1552 2220 1648 2260 Non
1683 2221 1795 2260 enim

475 2302 536 2333 est
596 2293 650 2332 ibi
705 2293 879 2346 aliquod
931 2294 1093 2333 bonum
1145 2292 1288 2345 quoad
1341 2304 1494 2345 penam
1545 2291 1618 2331 sed
1669 2304 1796 2330 omne

476 2364 651 2402 malum.
688 2363 748 2403 lbi
783 2364 896 2403 enim
931 2377 1015 2403 non
1052 2373 1113 2403 est
1147 2376 1255 2416 pena
1290 2362 1510 2401 meritoria
1542 2374 1618 2401 nec
1643 2375 1793 2414 purga-

477 2434 582 2473 toria
617 2448 691 2473 nec
728 2435 971 2474 transitoria
1005 2434 1077 2474 sed
1113 2442 1280 2473 tantum
1314 2433 1531 2486 punitoria
1565 2441 1605 2472 et
1636 2441 1793 2472 eterna.
1813 2433 1854 2465 30

478 2504 702 2556 Hugucius
736 2512 876 2543 tamen
912 2504 1014 2544 dicit
1059 2503 1175 2557 quod
1221 2503 1278 2543 ibi
1319 2512 1381 2543 est
1421 2502 1639 2543 alleviacio
1672 2515 1795 2555 pene,

531 2709 569 2735 ¹7·
592 2699 630 2725 Ii:
654 2699 830 2726 moriretur.
977 2697 1018 2724 23.
1045 2698 1072 2724 A
1095 2698 1122 2724 in
1146 2705 1261 2731 marga
1291 2697 1429 2724 Ecclesia
1457 2697 1592 2725 militans
1620 2704 1693 2731 sepe
1720 2696 1796 2724 saliit

478 2753 504 2773 ct
527 2747 649 2773 militur.
794 2746 833 2773 31.
855 2746 883 2773 A
904 2745 932 2771 in
955 2752 1069 2778 marga
1092 2743 1263 2778 Hugucius.

543 2874 589 2905 14.
619 2865 716 2898 beer.
751 2874 819 2896 sec.
848 2874 938 2907 pars,
958 2873 1061 2895 causa
1082 2865 1204 2901 XXIV,
1224 2863 1314 2906 q.11‚
1341 2873 1415 2905 cap.
1442 2861 1498 2893 VI.
1597 2872 1650 2894 20.
1670 2861 1795 2904 Comp.

479 2923 614 2954 Eccles.
632 2923 688 2961 XI,
707 2924 734 2954 3.
841 2923 892 2954 23.
909 2923 1008 2954 Decr.
1030 2923 1133 2965 Greg.
1157 2922 1211 2954 IX.
1233 2921 1288 2953 lib.
1308 2922 1346 2962 V,
1366 2921 1415 2952 iit.
1435 2921 1584 2962 XXXIX,
1600 2931 1628 2955 c.
1642 2919 1795 2952 XXVIII.
