2045 3312
306 260 393 288 CAP.
416 248 527 307 XXII]
802 263 860 294 DE
887 263 1121 295 ECCLEfflA,
1832 248 1906 287 535

145 380 466 421 M201⁶Semper
498 376 639 408 tamen
679 368 772 408 talis
818 369 962 408 oracio
1007 367 1136 407 habet
1174 367 1362 407 fructum
1404 380 1531 406 suum
1579 376 1619 406 et

299 448 359 479 est
392 438 547 492 peticio
586 439 808 478 racionalis
852 453 898 478 ac
939 439 1149 479 voluntati
1196 438 1338 477 divine
1371 437 1618 478 conformis.

355 510 422 549 Ad
467 509 642 548 terciam
688 508 1064 548 confirmacionem
1112 517 1290 560 negetur
1335 517 1618 560 assumptum,
1670 515 1781 552 Prayer
1807 524 1878 551 may

297 592 395 618 cum
438 579 572 618 multe
616 579 837 618 oraciones
877 579 1033 619 tollunt
1078 579 1186 618 mala
1242 578 1292 616 de
1346 578 1488 616 bestiis
1542 551 1909 630 progziffilsteiiiigsstifgi

264 649 454 703 5quibus
501 662 583 687 non
631 659 754 688 orant
795 649 989 688 homines
1027 649 1163 689 Deum
1204 661 1346 687 suurn.
1393 647 1552 686 Ymmo
1587 621 1910 686 Sinwasnotmade.

297 719 370 759 fiat
415 719 558 758 oracio
605 732 683 772 pro
717 719 919 758 omnibus
964 718 1198 758 melioratis
1237 717 1460 757 occasione
1494 717 1618 762 illius,

298 799 399 829 tunc
448 789 667 829 oraciones
714 799 961 829 sanctorum
1012 803 1091 842 pro
1137 789 1327 829 adventu
1374 787 1534 827 Christi
1580 787 1621 826 in

297 873 420 899 carne
454 857 604 899 fierent
643 872 721 912 pro
763 868 854 899 toto
888 860 1066 910 mundo,
1117 859 1275 898 nedum
1310 871 1388 910 pro
1421 857 1622 896 omnibus

299 930 442 969 bestiis
488 939 527 969 et
572 930 828 982 dampnatis,
867 943 1015 983 ymmo
1053 942 1131 982 pro
1172 928 1335 968 cunctis
1376 927 1622 967 inanimatis

243 1019 281 1040 10
297 1009 337 1040 et
369 999 546 1052 singulis
581 999 799 1040 creaturis.
837 999 995 1040 Omnia
1026 1000 1136 1038 enim
1172 999 1251 1038 ista
1285 998 1496 1052 recipiunt
1528 1011 1620 1051 per-

296 1071 531 1112 feccionem
549 1080 589 1110 et
615 1071 978 1121 melioracionem,
1002 1084 1149 1123 ymmo
1166 1079 1207 1109 et
1230 1070 1371 1122 ipsum
1397 1078 1621 1122 peccatum

201 1145 282 1180 201d
300 1142 457 1182 virtute
504 1141 714 1194 passionis
761 1140 937 1191 Christi,
990 1150 1029 1180 et
1083 1150 1227 1179 tamen
1273 1138 1620 1192 theologirnon

301 1222 384 1252 tam
420 1221 590 1251 extense
622 1212 861 1265 loquuntur
894 1212 1003 1250 sicut
1043 1224 1119 1250 nec
1158 1210 1368 1262 scriptura
1403 1223 1534 1259 sacra,
1576 1219 1621 1248 ut

299 1283 442 1322 dicant
487 1281 700 1321 orandum
748 1294 837 1321 esse
881 1294 960 1334 pro
1002 1281 1156 1320 talibus
1203 1289 1249 1319 ut
1282 1280 1620 1332 percipientibus

243 1352 482 1392 15fructum
535 1352 746 1391 oracionis
798 1352 1027 1401 intentum,
1081 1351 1179 1390 licet
1231 1360 1375 1403 posset
1422 1350 1502 1389 dici
1550 1363 1621 1389 eos

297 1436 419 1463 orare
453 1436 530 1475 pro
564 1423 720 1462 talibus
749 1431 968 1475 tamquam
994 1435 1068 1474 per
1091 1421 1286 1460 accidens
1320 1419 1622 1473 consequenti-

300 1494 378 1533 bus
412 1494 462 1532 ad
504 1493 691 1532 fructum
731 1506 807 1546 per
846 1506 889 1532 se
934 1492 1162 1531 intentum,
1214 1490 1480 1531 Conceditur
1521 1504 1621 1542 ergo

296 1563 412 1616 quod
447 1563 656 1616 dyabolus
683 1573 721 1602 et
747 1576 895 1602 omnes
920 1562 1141 1614 dampnati
1166 1561 1377 1613 recipiunt
1402 1560 1620 1613 quoddam

298 1635 459 1673 bonum
495 1647 544 1672 ex
576 1633 731 1673 merito
765 1633 959 1684 ecclesie3
993 1633 1164 1672 videtur
1196 1641 1340 1672 tamen
1375 1631 1479 1670 mihi
1503 1631 1621 1684 quod

238 1718 381 1743 zonon
415 1704 467 1743 sit
509 1705 669 1742 bonum
709 1704 767 1743 eis
807 1703 1033 1756 expediens
1069 1703 1133 1741 vel
1173 1703 1291 1753 utile,
1339 1702 1413 1741 sed
1458 1702 1620 1740 bonum

296 1774 446 1814 tollens
481 1773 539 1812 eis
573 1773 770 1826 fugibi1e3
812 1773 1068 1827 dampnacio
1103 1773 1215 1811 enim
1251 1772 1360 1812 tollit
1397 1771 1621 1824 quodlibet

298 1846 459 1883 bonum
494 1844 723 1882 honestum
759 1853 798 1883 et
831 1844 936 1882 utile
968 1843 1010 1881 in
1045 1843 1293 1894 dampnato,

246 1917 282 1950 N
355 1913 616 1954 Conceditur
637 1923 779 1953 tamen
801 1912 866 1965 (ut
887 1913 1074 1965 tangitur
1096 1913 1135 1953 in
1162 1912 1351 1952 secundo
1377 1922 1622 1952 commento

295 1983 523 2036 mendacii)
548 1984 664 2037 quod
696 1983 810 2023 Deus
842 1982 1172 2022 misericorditer
1194 1983 1320 2036 punit
1353 1983 1620 2036 dampnatos.

242 2059 280 2091 25
299 2055 352 2094 Et
398 2065 515 2094 notat
568 2053 835 2106 Augustinus
879 2053 1012 2105 XX10,
1059 2053 1121 2093 De
1162 2052 1346 2094 Civitate
1393 2053 1483 2105 Dei,
1531 2066 1810 2106 cap.Augustine
1841 2079 1911 2107 says

296 2125 470 2165 XXIVO.
507 2124 573 2165 Sic
609 2125 719 2164 enim
761 2125 999 2164 secundum
1033 2124 1324 2175 Augustinum
1371 2123 1492 2163 Deus
1538 2136 1620 2162 non
1666 2104 1885 2173 willighffsoilhe

296 2197 482 2236 continet
513 2196 554 2235 in
596 2195 662 2234 ira
694 2208 774 2234 sua
812 2194 1116 2233 miseraciones
1153 2207 1259 2233 suas
1297 2194 1431 2233 eciam
1470 2193 1619 2245 damp-
1678 2175 1862 2246 m‘ssigiiiiiily,

299 2267 425 2315 natis,
469 2266 546 2306 sed
575 2265 695 2319 facit
738 2278 809 2305 eos
855 2277 939 2304 non
980 2271 1098 2304 tanta
1144 2271 1306 2317 quanta
1354 2263 1476 2317 digni
1518 2271 1620 2303 sunt

290 2349 505 2389 penarum
553 2336 777 2374 atrocitate
818 2335 990 2387 puniri,
1038 2347 1120 2374 non
1168 2341 1213 2374 ut
1255 2348 1327 2374 eas
1370 2346 1510 2387 penas
1553 2333 1620 2372 vel

242 2408 283 2440 30
299 2419 521 2458 nunquam
543 2406 728 2446 subeant
758 2406 822 2445 vel
843 2405 1134 2458 antefirzz'ant,
1158 2405 1232 2444 sed
1257 2411 1302 2443 ut
1325 2417 1399 2444 eas
1423 2404 1619 2443 miciores

298 2489 426 2529 quam
473 2476 624 2515 merita
676 2482 777 2515 sunt
827 2487 976 2515 eorum
1039 2475 1302 2528 levioresque
1361 2474 1620 2527 paciantzcr,·

299 2546 358 2585 sic
390 2546 498 2586 enim
533 2546 600 2585 ira
623 2546 707 2586 Dei
736 2545 920 2585 manebit
951 2551 990 2585 et
1023 2545 1064 2584 in
1098 2546 1193 2598 ipsa
1227 2546 1293 2585 ira
1323 2558 1405 2584 sua
1439 2544 1617 2584 misera-

350 2702 390 2729 ¹7·
412 2694 450 2720 B:
472 2694 542 2729 Qua
563 2702 647 2728 ergo.
792 2692 834 2719 23.
855 2694 884 2720 A
904 2693 935 2720 in
956 2700 1071 2727 marg.:
1093 2692 1195 2720 Huius
1217 2693 1410 2720 contrarium
1435 2692 1564 2719 habetur
1585 2691 1615 2718 in

299 2741 457 2775 decalogo.
565 2739 607 2768 25.
623 2742 652 2768 A
667 2741 697 2767 in
713 2747 831 2774 marg:
852 2739 1061 2774 Augustinus.
1083 2740 1128 2767 A:
1146 2739 1269 2767 civitate
1285 2746 1351 2773 cap.
1456 2736 1501 2766 30.
1517 2739 1545 2765 A
1559 2739 1613 2772 Al:

299 2791 389 2815 antea
408 2787 529 2822 finiant;
551 2787 581 2815 in
601 2787 798 2821 Augustino:
820 2785 998 2822 aliquando.

359 2894 411 2926 25.
438 2896 525 2936 Aug.
553 2894 643 2936 Opp.
671 2902 753 2925 tom.
785 2894 854 2935 Vll,
882 2903 961 2937 pag.
992 2893 1068 2934 640.
