2045 3312
272 272 360 301 CAP.
383 262 480 321 xm}
790 275 849 307 DE
876 275 1113 307 ECCLESIA.

128 392 161 425 Ε
190 381 545 436 1901³Mirabilibus
569 381 779 434 Scripture
802 380 936 432 Sacre,
961 380 1035 419 ΙΙΙ0
1067 379 1266 432 capitulo,
1306 380 1423 429 Tota,
1458 380 1608 434 inquit,

282 452 462 501 iusticia,
493 453 567 491 lzec
589 458 650 491 est
681 451 922 505 virginitas,
954 449 1247 490 sacerdocium
1281 457 1320 489 et
1349 450 1607 490 martirium.

285 524 377 570 Que
409 523 565 575 triplex
596 521 761 561 iusticia
796 521 837 560 in
866 521 970 561 Abel
991 521 1135 574 primo
1154 520 1251 574 fuit
1273 521 1344 574 qui
1367 528 1406 560 et
1429 534 1608 560 munera

283 594 373 633 Deo
399 593 561 646 placita
595 591 756 639 obtulit,
783 592 1037 644 prosapiam
1070 591 1242 645 generis
1276 591 1317 629 in
1350 592 1494 630 seculo
1527 604 1608 630 non

250 663 506 716 5dereliquit
551 669 590 701 et
640 662 826 701 martirii
875 675 1077 701 eoronam
1129 661 1358 715 sanguinis
1401 661 1610 714 effusione

255 733 533 786 1promeruit.
581 732 771 782 Quilibet
812 745 911 784 ergo
952 731 1176 772 salvandus
1211 731 1334 770 debet
1365 745 1455 771 esse
1489 731 1607 784 spiri-

283 803 451 843 tualiter
482 802 598 855 virgo
631 802 672 841 in
705 802 786 841 hoc
820 803 937 856 quod
969 802 1183 842 declinans
1216 816 1239 841 a
1271 802 1385 842 malo
1420 802 1611 856 sequitur

244 885 442 926 Qagnum
474 886 682 926 sponsum
716 872 907 925 ecclesie3
932 873 1054 912 debet
1077 873 1264 913 secundo
1288 886 1376 912 esse
1400 874 1609 926 sacerdos,

243 943 459 990 gofferens
494 944 583 983 Deo
630 943 817 984 fructum
849 944 1000 995 meriti,
1034 952 1075 984 et
1107 944 1231 984 debet
1263 943 1393 984 tercio
1428 957 1608 984 connec-

229 1037 268 1058 10
282 1014 410 1053 tendo
442 1014 518 1054 hec
551 1015 637 1054 duo
672 1015 723 1053 ad
755 1014 938 1054 invicem
960 1014 1003 1053 in
1025 1014 1114 1054 istis
1146 1027 1409 1068 perseverare
1432 1013 1611 1055 finaliter

282 1093 503 1138 tamquam
550 1084 705 1124 martir.
759 1085 812 1124 Et
859 1084 955 1124 ideo
1005 1084 1219 1138 signanter
1263 1094 1382 1124 notat
1417 1084 1610 1126 Christus

282 1154 456 1194 Matthei
481 1155 651 1205 XX1110‚
679 1153 727 1192 35
755 1156 976 1208 quomodo
1001 1154 1172 1194 ecclesia
1195 1155 1346 1195 dicitur
1368 1156 1527 1209 cepisse
1559 1156 1609 1195 ab

283 1225 390 1264 Abel
420 1225 533 1265 iusto
577 1225 642 1265 cui
676 1225 913 1265 secundum
936 1225 1225 1279 Augustinurn
1250 1226 1365 1266 Jesus
1397 1226 1610 1266 commisit

283 1295 513 1348 primatum
546 1295 720 1335 iusticie.
761 1296 812 1334 In
846 1296 935 1343 hoc,
970 1295 1120 1349 inquit,
1153 1296 1265 1349 quod
1298 1310 1379 1336 non
1420 1298 1611 1336 nominat

230 1366 541 1408 &Zachariam
595 1367 769 1414 iustum,
829 1372 875 1405 ut
926 1366 1031 1405 Abel
1091 1367 1266 1414 iustum,
1330 1367 1607 1407 hereditatem

281 1435 444 1474 iusticie
494 1435 599 1474 Abel
649 1443 791 1475 tenere
841 1436 1103 1476 Zachariam
1158 1437 1351 1488 ostendit,
1405 1438 1516 1477 sicut
1566 1439 1607 1477 in

280 1506 536 1559 genealogia
575 1506 734 1545 Christi
761 1506 965 1546 scribitur
989 1507 1133 1559 primo
1167 1514 1205 1546 et
1235 1508 1428 1547 solitarie
1469 1508 1611 1547 David

266 1575 416 1628 fuisse
444 1590 604 1630 regem,
629 1576 729 1616 dum
753 1576 930 1617 dieitur:
962 1576 1092 1617 Gesse
1123 1584 1265 1617 autem
1299 1579 1448 1631 genuit
1470 1578 1612 1618 David

282 1657 452 1700 regem‚·
490 1647 708 1686 Salomoni
746 1654 888 1687 autem
928 1655 967 1688 et
997 1649 1094 1687 aliis
1129 1662 1210 1687 non
1244 1648 1419 1689 additur
1457 1662 1608 1688 nomen

226 1739 267 1760 20
283 1717 412 1770 regis,
465 1730 559 1756 cum
612 1718 687 1756 alii
736 1725 887 1770 patres
949 1732 1133 1773 regnum
1198 1719 1292 1759 iure
1353 1719 1609 1759 hereditario

283 1793 524 1827 tenuerunt.

238 1870 269 1902 F
342 1856 422 1896 Sed
455 1858 641 1896 notanda
673 1868 733 1898 est
765 1858 845 1898 alia
890 1872 1013 1897 causa
1059 1857 1209 1913 (quam
1261 1859 1343 1898 dixi
1397 1858 1607 1914 superius)

285 1927 401 1979 quod
434 1927 541 1966 Abel
574 1926 651 1967 fuit
682 1928 845 1981 primus
868 1937 1090 1968 veteranus
1115 1928 1286 1968 ecclesie
1309 1928 1609 1982 triumphantis

287 1996 357 2049 qui
392 2010 465 2049 spe
498 1996 606 2036 felici
640 1998 864 2051 spiritualis
899 1998 1075 2038 nectaris
1109 1999 1263 2039 missus
1298 2008 1358 2039 est
1391 2000 1432 2038 in
1465 1999 1609 2039 locun]

231 2080 270 2112 25
287 2066 480 2119 refrigerii
516 2069 825 2120 expurgandus.
862 2069 915 2108 Et
947 2077 1063 2122 patet
1085 2070 1137 2108 ad
1161 2069 1342 2109 formam
1372 2070 1610 2123 argumenti

287 2137 401 2189 quod
447 2138 560 2178 Deus
605 2138 813 2192 quidquid
860 2148 1045 2179 creature
1077 2139 1278 2179 racionali
1310 2140 1483 2190 dederit,
1518 2155 1612 2180 earn

197 2223 273 2263 190⁰
287 2206 400 2259 prius
434 2208 485 2246 ad
518 2207 660 2260 ipsun]
681 2211 704 2234 ÷÷
727 2208 940 2261 habilitat3
985 2218 1024 2248 et
1058 2218 1268 2263 quantun]
1307 2211 1358 2249 ad
1398 2211 1612 2250 decretum

289 2277 395 2316 beati
430 2277 634 2332 Gregorii,
675 2288 789 2332 patet
822 2280 938 2333 quod
970 2279 1217 2333 intelligitur
1248 2281 1493 2321 abutentem
1532 2295 1610 2334 po-

1814 276 1897 317 447

1654 1860 1725 1888 God
1746 1860 1794 1887 fits
1814 1859 1864 1887 the

1659 1901 1798 1923 creature
1817 1894 1868 1922 for

1674 1931 1723 1958 the
1744 1938 1850 1966 power

1641 1965 1732 2000 given
1752 1970 1783 1993 to
1802 1965 1877 2001 him,

288 2355 435 2387 testate
458 2362 532 2387 sua
566 2358 612 2387 ut
644 2348 701 2388 sic
735 2349 895 2402 privare
919 2363 960 2389 se
983 2349 1065 2402 illa,
1089 2359 1298 2404 quantum
1321 2351 1373 2389 ad
1396 2350 1611 2390 racionem
1624 2362 1689 2398 but,
1710 2362 1732 2389 it
1758 2371 1828 2398 may
1854 2364 1902 2395 be,

232 2429 274 2461 30
290 2417 366 2455 sibi
399 2418 604 2470 merendi,
629 2419 732 2458 dum
766 2429 907 2459 tamen
940 2429 1108 2459 maneat
1151 2430 1335 2473 potestas
1375 2422 1611 2461 secundum

290 2487 503 2527 racionem
525 2488 614 2527 aliis
638 2490 920 2542 promerendi.
937 2490 991 2530 Et
1013 2490 1070 2530 sic
1087 2491 1199 2530 Deus
1223 2491 1336 2530 dedit
1358 2500 1611 2544 potestatem

291 2557 390 2597 Iude
432 2567 604 2611 propter
648 2572 819 2599 causam
867 2559 1172 2613 multiplicen13
1220 2561 1309 2614 ipse
1342 2571 1485 2601 autem
1523 2575 1610 2600 non

291 2626 368 2666 fuit
413 2627 607 2668 inhabilis
651 2629 702 2668 ad
743 2629 1035 2682 recipiendum
1067 2630 1184 2670 illam
1216 2639 1484 2684 potestatem,
1516 2631 1613 2671 licet

343 2783 363 2802 1.
384 2775 418 2802 In
439 2775 549 2803 codd.:
570 2775 629 2803 1V0
650 2784 718 2812 cap.
741 2775 881 2804 Correxi.
979 2785 1013 2805 11.
1036 2777 1076 2804 B:
1105 2778 1263 2813 signanter
1284 2783 1366 2807 nota.
1471 2780 1507 2808 15.
1535 2779 1557 2807 Β
1578 2780 1609 2808 in

292 2830 405 2857 marg:
427 2823 506 2851 Nota
527 2824 688 2859 quomodo
709 2824 841 2851 abutens
863 2832 919 2851 sua
940 2828 1092 2859 potestate
1112 2834 1146 2853 ea
1169 2826 1318 2861 privatur.
1428 2834 1474 2859 24.
1496 2827 1536 2854 B:
1558 2829 1610 2862 qui

291 2877 363 2903 sepe
394 2869 484 2897 felici.
642 2878 690 2904 24.
712 2870 749 2898 B:
773 2871 879 2898 iussus
901 2876 945 2898 est
966 2873 997 2898 in
1019 2873 1134 2899 locum.
1325 2873 1372 2901 28.
1392 2875 1421 2901 A
1441 2874 1471 2901 in
1493 2882 1610 2909 marg:

292 2914 443 2943 Sacerdos
466 2918 628 2952 quomodo
650 2926 681 2945 se
702 2919 803 2953 privat
823 2919 1005 2946 sacerdocio
1027 2923 1054 2946 et
1076 2920 1237 2954 quomodo
1259 2925 1362 2948 manet
1383 2921 1538 2948 sacerdos.

1655 2398 1729 2434 only
1747 2397 1797 2425 for
1815 2398 1866 2425 the

1685 2433 1798 2460 benefit
1819 2433 1854 2460 of

1707 2468 1821 2495 others.
