2045 3312
115 277 197 316 280
831 288 1056 320 JOHANNIS
1082 288 1276 321 WYCLIF.
1515 275 1622 333 [ow.
1643 288 1722 316 xm.

401 395 509 433 Nam
546 404 795 447 perpetuare
829 394 1080 434 elemosinas
1114 405 1175 435 est
1208 394 1376 436 Christo
1409 397 1644 450 proprium,
1674 412 1724 437 eo
1745 406 1822 440 meh
1846 407 1878 440 C

402 464 519 518 quod
553 474 614 505 est
647 464 863 512 dominus,
898 464 1144 517 simpliciter
1166 465 1363 505 assistens
1387 466 1503 505 omni
1528 467 1725 520 tempori,

403 543 556 587 potens
588 534 813 575 iustificare
847 533 1204 583 elemosinarium,
1245 550 1268 576 a
1301 550 1385 590 qua
1422 535 1725 577 iustificacione

404 604 537 659 (iuxta
570 604 678 645 dicta
701 604 897 658 proximo
921 602 1127 660 capitulo)
1151 606 1361 659 dependet
1383 606 1569 646 humana
1593 608 1724 647 dona-

403 674 488 727 cio;
523 684 562 715 et
594 675 650 715 sic
683 684 744 715 est
767 675 817 714 de
841 675 1104 716 successione
1128 675 1375 717 hereditaria
1407 678 1457 716 de
1479 691 1563 731 qua
1585 677 1726 717 minus
1743 689 1759 722 5

400 744 576 785 videtur.
612 746 701 786 Deo
736 745 849 785 enim
882 754 943 785 est
975 746 1198 799 proprium
1229 747 1401 786 heredes
1434 747 1477 786 in
1510 748 1725 801 perpetui-

401 824 484 854 tate
531 815 808 856 successionis
852 815 1098 856 hereditarie
1143 816 1335 857 limitare.
1383 818 1506 858 Unde
1547 818 1728 859 creditur

401 885 518 938 quod
550 885 673 925 multi
707 885 932 926 fundantes
966 886 1218 926 elemosinas
1251 887 1551 928 nominetenus
1576 902 1724 942 perpe-

401 964 494 995 tuas
538 955 581 994 in
625 969 782 1008 penam
826 969 900 996 sue
945 956 1140 1009 superbie
1185 971 1207 996 a
1253 957 1533 1011 perpetuitate
1565 958 1726 1011 generis

402 1024 652 1065 hereditarie
687 1025 942 1067 defecerunt.
1747 1050 1784 1071 ιο

144 1112 214 1140 Τιηι
239 1112 351 1146 gives-s.
462 1095 507 1134 In
554 1095 705 1136 talibus
753 1110 851 1150 ergo
885 1097 1125 1137 elemosinis
1157 1112 1268 1138 unus
1308 1098 1502 1152 princeps
1536 1100 1775 1141 conceditD

111 1146 387 1221 ἕζῗὲἷῖἓᾷζᾚοὲξῇῐ
403 1178 480 1218 pro
525 1179 604 1205 suo
649 1175 841 1220 tempore
874 1167 1165 1208 subintellecta
1197 1169 1435 1222 supradicta
1478 1170 1727 1210 condicione

110 1218 443 1287 3l¹313¹s¹⁰1553ss¹813et
488 1237 743 1289 imprecatur
785 1251 912 1277 suum
943 1237 1143 1278 heredem
1175 1238 1231 1278 sic
1264 1238 1410 1290 facere,
1443 1248 1482 1278 et
1515 1254 1563 1279 ex
1601 1241 1725 1280 meri-

404 1305 524 1345 toriis
557 1306 679 1346 donis
709 1308 948 1348 multorum
971 1308 1049 1348 sibi
1071 1308 1397 1349 succedencium
1420 1323 1518 1349 cum
1540 1310 1727 1362 graciosa

404 1375 689 1429 disposicione
738 1378 911 1418 materie
965 1377 1062 1418 facit
1102 1379 1215 1418 Deus
1268 1393 1399 1419 unam
1451 1380 1782 1421 elemosinan115

404 1455 668 1501 perpetuam,
702 1447 736 1487 si
769 1447 845 1487 sibi
879 1448 932 1488 sit
964 1448 1183 1501 placitum.

464 1516 583 1556 Unde
614 1516 682 1556 hic
714 1517 893 1558 instatur
926 1518 1156 1572 sophistice
1180 1520 1296 1573 quod
1319 1521 1564 1574 temporalis
1588 1521 1724 1561 domi-

405 1599 484 1625 nus
520 1586 733 1627 meritorie
769 1588 866 1628 facit
901 1589 1179 1629 elemosinam
1196 1600 1458 1643 perpetuam,
1478 1605 1575 1631 cum
1600 1592 1724 1631 meri-

406 1655 510 1696 torie
543 1656 665 1697 faciat
698 1668 861 1711 partem
895 1658 996 1700 eius.
1044 1659 1125 1699 Sed
1158 1660 1233 1700 iste
1267 1660 1454 1701 obiectus
1488 1676 1574 1701 non
1614 1663 1726 1702 vadit

406 1737 551 1767 contra
609 1741 781 1768 sensum
834 1729 1090 1783 expositum,
1146 1744 1295 1784 ymmo
1348 1732 1382 1770 si
1435 1733 1624 1785 procedit
1676 1734 1726 1773 de
1743 1750 1785 1771 20

407 1796 593 1836 faccione
638 1798 866 1838 elemosine
908 1809 1110 1852 perpetue
1145 1801 1379 1840 secundum
1410 1811 1587 1854 partem,
1621 1817 1726 1857 eque

407 1867 603 1919 probaret
648 1869 765 1921 quod
798 1883 881 1909 una
913 1869 1041 1909 vidua
1073 1870 1330 1923 paupercula
1363 1871 1458 1924 plus
1491 1871 1641 1913 faceret
1684 1874 1726 1913 in

408 1951 505 1976 casu
539 1938 818 1978 elemosinam
851 1939 980 1979 talem
1012 1950 1276 1994 perpetuam,
1309 1942 1450 1994 posito
1485 1944 1600 1996 quod
1633 1945 1728 1997 plus

409 2017 616 2048 mereatur
669 2018 715 2049 ut
766 2010 879 2049 Deus
924 2010 1199 2050 elemosinam
1250 2012 1463 2066 utrimque
1522 2014 1728 2067 perficiat3

409 2092 508 2117 nam
531 2079 567 2118 ΙΟ
601 2078 925 2120 Corinthiorum
949 2081 1036 2133 1110,
1072 2082 1110 2133 6,
1144 2081 1356 2123 scribitur:
1391 2084 1488 2137 Ego
1512 2084 1728 2136 plantavi,
1748 2092 1786 2122 25

409 2148 563 2201 Apollo
597 2150 771 2203 rigavit,
804 2150 882 2191 sed
913 2151 1036 2191 Deus
1068 2153 1379 2193 incrementmn
1415 2154 1543 2194 dedit.

128 2233 176 2259 An
199 2230 262 2258 heir
283 2230 308 2257 is
330 2235 383 2258 1101
470 2219 591 2258 Unde
624 2228 738 2272 patet
770 2221 1050 2261 consideranti
1083 2221 1289 2261 subtiliter
1311 2224 1427 2276 quod
1450 2225 1590 2263 nullus
1614 2225 1732 2265 heres

128 2266 386 2335 apti'ss‘iffssdoipnis
412 2289 642 2340 procedens
706 2299 802 2343 post
864 2291 1181 2344 progenitorem
1233 2293 1452 2332 dotantem
1515 2295 1731 2334 ecclesiam

120 2336 293 2363 ancestor’s
311 2335 393 2370 gists.
1269 2363 1275 2369 .
1444 2364 1450 2371 .
1481 2365 1488 2371 .
1623 2364 1629 2370 .

412 2368 578 2398 tenetur
600 2362 833 2413 approbare
862 2362 1080 2403 fundatam
1105 2363 1377 2403 elemosinam
1412 2378 1491 2404 n1S1
1524 2379 1572 2404 ex
1604 2365 1732 2405 libera

413 2429 643 2470 voluntate.
678 2431 794 2470 Patet
816 2431 955 2484 primo
980 2432 1055 2472 sic:
1088 2433 1185 2472 Non
1216 2442 1381 2473 tenetur
1404 2433 1535 2474 facere
1558 2435 1762 2488 aliquodl

415 2512 523 2551 opus
555 2500 822 2541 meritorium
854 2502 931 2541 nisi
966 2516 1014 2541 ex
1046 2502 1172 2542 libera
1195 2503 1426 2555 voluntate,
1457 2518 1543 2543 non
1568 2515 1732 2545 tenetur

414 2569 470 2608 sic
493 2570 724 2622 approbare
759 2572 835 2611 nisi
859 2573 1093 2612 secundum
1117 2572 1331 2612 racionem
1354 2574 1493 2626 operis
1516 2575 1732 2627 meritorii,

415 2652 513 2692 ergo
547 2653 632 2679 non
657 2649 820 2680 tenetur
842 2641 899 2682 sic
922 2642 1155 2695 approbare
1178 2643 1256 2682 nisi
1281 2657 1327 2682 ex
1350 2643 1477 2683 libera
1502 2644 1730 2685 voluntate.

469 2797 488 2815 ι.
510 2788 713 2823 Ai11111a1·g.:
736 2790 912 2818 ConclusiO.
1057 2800 1083 2826 7.
1105 2793 1132 2819 A
1148 2792 1176 2818 in
1194 2799 1308 2826 marga
1331 2790 1513 2819 Conclusio.
1634 2794 1671 2822 13.
1694 2794 1733 2821 B:

416 2840 443 2861 et
472 2834 690 2870 interpretatur
718 2845 820 2864 sunm.
965 2847 1007 2871 ιι.
1038 2839 1076 2865 13:
1104 2838 1253 2872 graciose.
1399 2846 1438 2874 17.
1468 2840 1495 2866 A
1518 2839 1537 2866 B
1560 2839 1589 2867 in
1618 2848 1732 2875 marg.:

415 2881 579 2909 Ins-tancia.
722 2891 760 2910 21.
792 2884 830 2910 B:
861 2893 897 2911 cx
923 2883 1071 2912 saccione.
1215 2891 1259 2919 27.
1289 2885 1316 2912 A
1346 2884 1375 2911 in
1406 2893 1521 2920 marga
1554 2885 1734 2914 Conclusio.

415 2926 453 2956 31.
476 2927 514 2954 15:
537 2928 596 2956 nisi
612 2945 644 2948 —
659 2929 808 2957 meritorii
830 2931 925 2958 deest.
