2045 3312
142 273 224 324 448
873 284 1097 317 JOHANNIS
1124 285 1321 318 wvctir.
1551 271 1656 330 [CAP.
1673 282 1754 311 xix.

433 400 482 427 ex
528 388 652 441 culpa
701 389 869 442 propria
916 389 1039 430 fuerit
1083 390 1277 430 inhabilis
1311 391 1363 429 ad
1395 390 1470 430 sibi
1505 392 1909 445 merendum1900F

433 458 759 511 beatitudinem
793 473 868 499 nec
893 458 1085 500 Christus
1119 460 1328 500 ordinavit
1352 474 1452 500 eum
1474 460 1530 500 sic
1555 461 1757 501 demereri

433 529 504 568 sed
557 529 747 582 permisit
800 529 1037 569 ordinando
1087 544 1187 570 eum
1234 530 1275 569 in
1324 530 1405 570 hoc
1450 544 1524 584 per
1569 530 1758 570 accidens

434 613 590 652 sponse
634 613 706 640 sue
752 599 969 653 proficere.
1023 601 1147 642 Unde
1191 600 1284 640 talis
1318 600 1473 640 mixcio
1507 609 1634 655 atque
1665 615 1757 654 pre-

433 667 564 709 feccio
624 670 796 723 prodest
849 684 896 710 ex
947 670 1083 724 gracia
1142 670 1373 710 ordinantis
1436 680 1575 710 sancte
1638 671 1792 713 matri5

434 740 604 780 ecclesie
637 740 769 780 eciam
814 740 909 793 plus
949 754 1076 794 quam
1114 741 1146 780 si
1179 741 1321 781 solum
1354 741 1597 780 membrum
1629 741 1759 781 eccle-

433 810 491 850 sie
538 810 581 850 in
625 810 715 863 ipsa
761 809 991 864 preficeret.
1037 811 1212 851 Prodest
1258 811 1369 850 enim
1417 820 1588 851 strenuo
1638 811 1761 851 militi

434 880 485 919 ad
519 880 747 920 exercitum
796 881 911 935 quod
945 881 1096 921 habeat
1129 881 1416 921 rebellantem.
1479 883 1565 921 Nec
1599 891 1760 921 contra—

433 949 528 989 dico
581 951 651 989 sed
704 951 892 991 assencio
947 951 1064 1006 quod
1116 965 1213 1005 sepe
1267 951 1418 1002 evenit,
1473 961 1519 992 ut
1567 951 1758 1005 pontifex

434 1019 563 1073 fingat
623 1021 688 1060 vel
741 1030 860 1074 putet
913 1035 954 1061 se
1009 1021 1171 1074 signare
1221 1023 1485 1063 sacerdotem
1541 1032 1817 1074 caractere,1o

435 1090 505 1130 ubi
539 1100 710 1144 propter
750 1091 1058 1131 inhabilitatem
1104 1093 1157 1131 ad
1208 1092 1376 1132 ordines
1428 1093 1493 1132 vel
1546 1092 1757 1146 negligen-

435 1161 543 1201 ciam
586 1161 783 1200 ordinarii
834 1170 976 1202 manet
1028 1162 1173 1216 laycus
1212 1176 1298 1202 non
1338 1162 1524 1216 signatus
1564 1160 1634 1218 (de
1673 1176 1759 1216 quo

435 1231 562 1283 alibi).

145 1315 211 1342 The
237 1314 418 1342 foreknown
496 1301 670 1341 Videtur
702 1311 846 1342 autem
883 1302 986 1342 mihi
1021 1303 1135 1356 quod
1169 1303 1372 1356 prescitus
1406 1302 1537 1342 eciam
1570 1303 1609 1341 in
1645 1313 1810 1347 mor-G

163 1359 238 1378 :ven
261 1351 349 1377 when
371 1350 401 1378 in

198 1385 367 1448 ειρῑμῗιιεῦη
438 1371 508 1411 tali
562 1381 736 1425 peccato
795 1373 945 1412 actuali
1006 1372 1214 1412 ministrat
1265 1372 1474 1424 fidelibus,
1535 1373 1630 1412 licet
1683 1372 1816 1417 sibi15

176 1430 268 1449 mlnls
284 1429 316 1449 es
356 1429 385 1448 ie

187 1462 379 1497 sacramqnts
437 1442 773 1495 dampnabiliter,
808 1452 949 1482 tamen
983 1442 1178 1483 subiectis
1204 1442 1360 1482 utiliter
1388 1452 1658 1482 sacramenta.
1693 1442 1760 1482 Sic

163 1493 234 1519 with
278 1494 346 1520 ront
366 1496 396 1519 ιο
493 1511 500 1518 .

223 1533 339 1554 omers.
438 1526 552 1552 emm
583 1512 767 1564 Balaam,
802 1514 930 1552 Num.
954 1514 1125 1565 XX1110,
1160 1513 1369 1568 Cayphas,
1410 1513 1500 1553 Joh.
1535 1514 1628 1564 XIO,
1663 1526 1760 1565 pro-

438 1582 679 1635 phetarunt,
728 1591 768 1622 et
813 1583 983 1637 dyaboli
1029 1597 1126 1637 sepe
1173 1583 1319 1623 deiecti
1366 1596 1439 1636 per
1478 1582 1695 1623 Christum
1739 1596 1762 1621 a

438 1652 627 1705 personis
661 1666 764 1706 quas
798 1654 1051 1693 obsederant
1084 1653 1263 1693 confessi
1299 1662 1398 1693 sunt
1432 1653 1599 1706 publice
1623 1651 1759 1691 domi-

439 1736 544 1762 num
576 1724 719 1763 Jesum
761 1723 993 1763 Christum.
1038 1724 1090 1763 Et
1122 1723 1245 1763 istam
1279 1722 1535 1763 sentenciam
1569 1721 1762 1761 diffinivit
1779 1743 1821 1764 20

439 1793 628 1833 Salvator
659 1793 834 1833 Matthei
874 1793 985 1846 V110,
1012 1804 1082 1833 22:
1119 1794 1260 1845 Multi,
1302 1793 1453 1847 inquit,
1492 1793 1630 1832 dicent
1663 1792 1763 1831 milzi

440 1863 480 1902 in
522 1864 596 1902 illa
636 1863 721 1903 die.-
767 1864 966 1913 Domine,
1009 1863 1191 1913 domine,
1240 1877 1378 1903 nonne
1411 1864 1453 1903 in
1488 1863 1657 1903 nomine
1694 1869 1763 1901 tuo

434 1934 784 1986 prophetavimus
835 1941 874 1974 et
912 1935 952 1973 in
1000 1934 1167 1973 nomine
1211 1941 1281 1973 tuo
1327 1934 1520 1973 demonia
1566 1933 1765 1973 eiecimus

440 2010 478 2042 et
511 2004 686 2043 virtutes
723 2005 882 2044 multas
900 2004 1132 2058 fecimus?
1161 2005 1217 2043 Et
1254 2011 1353 2043 tunc
1391 2004 1618 2058 corfitebor
1660 2003 1767 2042 illis:

445 2074 557 2122 Quia
592 2088 812 2127 nunquam
848 2075 942 2114 novi
973 2088 1059 2123 vos,
1094 2082 1140 2113 ut
1172 2082 1285 2127 patet
1317 2075 1367 2113 de
1406 2087 1493 2113 uno
1526 2072 1652 2112 Marci
1689 2073 1762 2112 IXO
1782 2083 1821 2115 25

442 2154 481 2184 et
520 2145 631 2184 Luce
680 2145 756 2185 IX⁰
797 2158 926 2198 quem
969 2144 1149 2197 apostoli
1201 2144 1482 2196 increpamur,
1528 2143 1625 2196 quia
1672 2142 1766 2182 fecit

443 2213 643 2254 miracula
677 2224 715 2254 et
749 2228 835 2255 non
861 2224 1028 2254 secutus
1063 2213 1140 2253 fuit
1163 2228 1247 2254 eos,
1283 2214 1363 2253 Sed
1388 2213 1579 2253 Christus
1612 2226 1763 2265 appro-

443 2284 554 2324 bavit
586 2294 794 2338 quantum
835 2285 885 2325 ad
920 2284 1207 2324 substanciam
1241 2283 1448 2334 miraculi,
1494 2292 1540 2322 ut
1573 2296 1658 2321 non
1694 2295 1766 2335 per

443 2368 484 2394 se
537 2369 583 2394 ex
636 2354 763 2408 signis
814 2355 1060 2395 huiusmodi
1115 2354 1348 2394 iudicemus
1403 2352 1537 2392 filium
1583 2352 1656 2392 Dei
1701 2353 1765 2391 vel

443 2424 579 2464 filium
601 2424 769 2464 diaboli.
794 2425 860 2465 Sic
885 2438 981 2479 ergo
1007 2425 1243 2464 sacerdotes
1277 2423 1375 2463 mali
1410 2422 1661 2462 iniuriantur
1692 2422 1764 2461 sed
1781 2432 1822 2464 3¹0

444 2508 529 2534 non
582 2503 736 2535 nocent
779 2494 857 2548 piis
903 2494 1096 2534 fidelibus
1146 2507 1232 2533 non
1281 2493 1594 2532 demerentibus
1639 2491 1763 2531 mini-

443 2565 612 2605 strando
671 2565 728 2605 eis
786 2564 1060 2605 ecclesiastica
1118 2572 1389 2616 sacramenta,
1450 2572 1495 2602 ut
1552 2571 1666 2615 patet
1723 2561 1764 2600 in

497 2737 521 2765 3.
544 2741 569 2765 A
586 2739 641 2773 Α,;
664 2736 817 2772 promisit.
964 2736 990 2763 8.
1012 2737 1039 2763 A
1055 2737 1084 2763 in
1102 2743 1201 2770 marg.
1213 2744 1219 2761 ι
1233 2735 1407 2770 Episcopus
1423 2741 1484 2760 non
1501 2741 1624 2767 semper
1640 2732 1765 2768 quando

445 2785 599 2820 pretendit
618 2783 764 2811 ordinare
785 2783 918 2810 ordinat.
953 2782 973 2808 Β
1005 2783 1035 2810 in
1066 2790 1179 2816 marg:
1210 2781 1334 2809 i‘resciti
1366 2780 1541 2808 ministrant
1561 2784 1765 2807 sacramenta.

446 2840 488 2864 ιι.
509 2833 538 2859 Α
560 2832 589 2858 in
611 2839 728 2866 marga
750 2830 828 2857 Nota
850 2829 1086 2857 conclusionem
1105 2829 1237 2856 bonam:
1260 2827 1413 2856 Sacerdos
1434 2826 1533 2854 malus
1554 2830 1599 2853 est
1620 2826 1766 2853 sacerdos

445 2882 472 2905 et
493 2877 658 2904 ministrat.
781 2885 818 2911 ¹7-
843 2877 881 2902 18.
904 2876 932 2903 Α
953 2877 1009 2910 Al:
1033 2875 1238 2910 prophetavit.
1348 2873 1390 2900 25.
1418 2874 1486 2900 novi
1509 2880 1579 2905 vos;
1602 2872 1766 2907 scquencia

445 2924 597 2952 excidisse
626 2925 784 2952 videntur:
806 2923 955 2950 discedite
984 2931 1000 2949 a
1028 2931 1086 2950 mc.
1230 2921 1276 2948 30.
1298 2922 1324 2948 A
1347 2921 1374 2947 in
1399 2928 1513 2955 marg:
1537 2920 1626 2946 Nota.
