2045 3312
292 287 381 316 CAP.
411 274 535 332 xxm]
791 287 850 318 DE
877 285 1113 319 ECCLESIA.
1828 269 1908 324 579

139 395 445 450 R207⁸paliter
481 394 644 434 solvere
686 401 998 444 expresserunt.
1062 390 1187 430 Unde
1220 399 1390 429 sanctus
1422 389 1615 428 Thomas
1666 393 1872 456 33111ξὲἳῇἓέ

296 465 568 504 conclusione
625 462 809 502 secunda
850 461 1015 500 articuli
1062 459 1194 510 tercii,
1245 460 1283 499 d.
1334 458 1427 511 XX,
1474 458 1615 511 quarti
1638 464 1728 526 εὲοιέἑ
1747 464 1907 526 plpgngffise

291 535 387 574 libri
443 542 587 573 movet
640 532 833 583 dubium,
899 540 1043 570 utrum
1115 529 1386 582 indulgencie
1445 537 1615 568 tantum
1634 533 1669 560 of
1691 533 1906 568 indulgences.

293 606 432 644 valent
464 613 673 657 quantum
698 601 1054 655 pronunciantur,
1091 608 1131 638 et
1156 598 1374 651 arguendo
1398 598 1448 637 ad
1474 607 1614 651 partes

260 675 441 718 5recitat
465 674 713 726 opinionem
740 671 1077 724 quadruplicem.
1112 669 1308 717 Quarum
1344 668 1479 722 prima
1513 667 1615 706 dicit
1630 672 1906 735 Ttisseenfir2tnigiff⁵

293 745 407 798 quod
443 743 712 795 indulgencie
758 755 841 781 non
876 750 1043 780 tantum
1081 740 1220 779 valent
1260 747 1470 792 quantum
1518 750 1614 790 pro·
1717 716 1818 776 frauil’,

294 815 567 863 nunciantur,
614 813 686 852 sed
736 812 910 851 ecclesia
962 811 1015 849 ad
1048 810 1128 849 hoc
1162 810 1217 849 ita
1250 808 1522 862 pronunciat,
1569 816 1615 846 ut

295 885 482 938 quadam
530 884 597 936 pia
644 881 795 922 fraude
842 881 1038 921 homines
1084 880 1136 919 ad
1183 877 1527 919 beneficienciarn
1575 887 1615 917 et

293 954 672 994 honorificenciam
708 953 877 1004 alliciat,
913 951 1022 991 sicut
1055 960 1191 991 mater
1225 950 1480 1003 promittens
1515 947 1615 987 false

240 1024 381 1069 10filio
429 1038 607 1077 pomum
648 1025 713 1063 vel
753 1023 867 1062 aliud
915 1021 1162 1061 delectabile
1207 1021 1259 1059 ad
1305 1019 1614 1058 ambulandum

294 1104 514 1148 provocat.

251 1178 279 1211 s
356 1165 439 1205 Sed
487 1163 551 1219 (ut
598 1162 717 1218 dicit)
764 1164 1054 1216 periculosum
1090 1172 1152 1202 est
1184 1162 1242 1201 sic
1276 1161 1434 1211 dicere,
1475 1159 1615 1212 primo
1657 1163 1876 1232 anjejiescttgdpe

295 1236 392 1288 quia
428 1236 540 1274 scola
574 1235 652 1274 ista
685 1243 747 1273 est
780 1234 910 1286 patris
945 1233 1170 1282 mendacii,
1205 1231 1277 1271 sed
1311 1231 1390 1270 Job
1418 1229 1555 1281 X1110,
1590 1244 1613 1283 7

295 1305 468 1344 dicitur:
503 1304 727 1358 Numquid
758 1304 877 1343 Deus
911 1303 1071 1357 indiget
1113 1301 1334 1343 mendacio
1373 1306 1528 1348 vestro,
1572 1305 1617 1338 ut

240 1388 372 1428 15pr0
412 1389 459 1415 eo
494 1375 761 1428 loquamini?
809 1375 930 1424 Item,
977 1375 1034 1413 sic
1078 1375 1222 1413 dicens
1267 1380 1464 1425 peccaret
1497 1371 1539 1409 in
1573 1383 1616 1409 se

295 1446 532 1485 mortaliter
579 1456 619 1485 et
665 1445 784 1484 daret
829 1445 1098 1484 occasionem
1144 1443 1367 1483 diffidendi
1412 1442 1463 1481 de
1508 1454 1613 1494 quo-

294 1530 461 1569 cunque
486 1516 598 1555 dicto
616 1516 679 1554 vel
697 1515 808 1555 facto
831 1515 983 1568 prelati
1012 1514 1198 1554 ecclesie.
1224 1513 1334 1553 Nam
1360 1512 1391 1551 1³
1416 1511 1610 1552 Corinth.

292 1587 405 1635 XV0‚
462 1600 508 1638 ¹4
548 1586 648 1625 dicit
682 1586 937 1638 Apostolus:
986 1585 1031 1624 Si
1074 1585 1216 1624 inanis
1262 1589 1324 1623 est
1367 1581 1615 1635 predicacio

294 1663 457 1706 nostra,
481 1657 621 1696 inanis
655 1663 716 1696 est
747 1663 786 1696 et
804 1656 921 1710 fides
951 1662 1114 1696 nostra.
1140 1654 1257 1694 Talis
1282 1663 1423 1693 autem
1460 1652 1614 1692 falsum

238 1750 278 1771 20
294 1726 517 1780 predicans
553 1727 883 1779 dampnabiliter
916 1735 1094 1765 evacuat
1130 1738 1152 1763 a
1186 1738 1229 1764 se
1264 1723 1407 1763 fidem.
1450 1724 1503 1762 Et
1536 1736 1614 1775 pro

293 1797 478 1836 secunda
526 1806 644 1849 parte
698 1797 847 1835 beatus
896 1796 1166 1847 Augustinus
1218 1794 1396 1847 epistola
1451 1794 1613 1832 decima

294 1880 405 1905 nona
451 1868 604 1919 probat
653 1867 778 1906 beato
812 1866 1044 1919 Jeronymo
1092 1865 1224 1918 quod,
1261 1865 1292 1903 si
1329 1865 1370 1903 in
1405 1863 1613 1916 scriptura

294 1951 409 1975 sacra
445 1936 835 1988 deprehenderetur
868 1936 1026 1988 aliquid
1062 1934 1271 1985 falsitatis,
1307 1935 1437 1973 robur
1470 1942 1613 1973 aucto-

294 2007 428 2046 ritatis
449 2008 657 2059 scripture
688 2006 858 2060 periret.
891 2006 1007 2054 Item,
1033 2018 1129 2044 cum
1161 2004 1413 2057 promittens
1448 2004 1609 2042 donum

237 2077 513 2129 25spirituale
573 2077 708 2128 magis
770 2077 985 2128 obligatur
1038 2089 1085 2114 ex
1138 2075 1422 2127 promissione
1483 2087 1611 2126 quarn

296 2147 582 2199 promissione
622 2147 854 2199 corporalis
900 2146 1095 2199 pecunie,
1142 2145 1336 2198 sequitur
1370 2145 1487 2197 quod
1527 2144 1612 2196 epi-

292 2230 447 2269 scopus
478 2216 710 2256 literatorie
752 2217 810 2256 sic
857 2216 957 2256 false
1012 2216 1268 2269 promittens
1322 2215 1613 2266 indulgencias

293 2287 456 2339 obligat
502 2301 545 2326 se
592 2287 642 2325 ad
693 2287 947 2326 solvendum
999 2287 1248 2325 thesaurum
1296 2285 1400 2324 Deo.
1456 2283 1615 2323 Caveat

295 2370 396 2408 ergo
432 2357 658 2410 episcopus
689 2357 739 2395 de
764 2356 990 2396 indiscreta
1025 2365 1064 2396 et
1097 2363 1428 2408 presumptuosa
1452 2355 1612 2406 obliga-

237 2437 278 2469 30
294 2427 414 2465 cione
448 2427 498 2465 ad
533 2427 724 2466 dandum
758 2427 1007 2466 thesaurum
1040 2426 1218 2478 domini,
1252 2426 1351 2479 quia
1384 2425 1464 2463 hoc
1496 2425 1611 2463 vide-

294 2505 363 2535 tur
386 2497 518 2550 magis
559 2497 832 2550 dampnabile
858 2510 987 2550 quam
1011 2497 1218 2536 talentum
1236 2495 1313 2534 Dei
1337 2495 1611 2545 abscondere,

346 2653 383 2679 ¹7·
406 2646 434 2672 A
454 2644 492 2671 B:
524 2644 596 2672 Cor.
623 2644 690 2672 XV.
834 2652 874 2672 21.
906 2643 936 2672 A
961 2644 992 2671 in
1019 2651 1132 2678 marg.:
1168 2642 1366 2678 Augustinus
1393 2643 1434 2671 ib.
1462 2644 1491 2670 in
1519 2642 1610 2670 codd.

294 2692 424 2726 epistola
439 2691 492 2719 IX.
508 2690 647 2719 Cori-exi.
720 2690 767 2718 28.
782 2692 810 2719 A
824 2691 884 2726 Al:
905 2691 1084 2718 thesaurum
1106 2690 1236 2718 domini.

353 2809 382 2830 2.
412 2799 444 2829 S.
472 2798 633 2830 Thomae
660 2799 806 2830 Summa
830 2797 938 2830 theol.
967 2799 1148 2841 Supplem.
1175 2798 1298 2829 tertiae
1324 2797 1443 2839 partiS,
1471 2797 1609 2839 questio

294 2857 433 2888 XXVII.
468 2857 560 2899 Opp.
594 2864 678 2888 torn.
703 2857 762 2897 Vl,
803 2866 881 2899 pag.
914 2855 970 2899 76.
1119 2868 1171 2887 21.
1205 2856 1297 2897 Opp.
1332 2857 1419 2897 Aug.
1454 2862 1537 2886 tom.
1572 2855 1610 2894 ΙΙ,

293 2925 370 2957 pag.
405 2925 477 2958 ¹90·
505 2915 664 2957 Epistola
693 2915 852 2947 LXXXII
884 2914 981 2954 (alias
1007 2915 1106 2945 XIX.

1418 2969 1483 3014 37÷÷
