2045 3312
297 261 388 290 CAP.
411 249 510 309 xvi]
806 265 866 298 DE
893 265 1129 298 ECCLEsm.
1824 251 1901 290 383

141 380 170 413 Τ
201 369 389 412 182¹²cleri
435 369 493 409 sic
538 369 703 421 meruit,
750 379 842 410 tum
876 370 973 424 quia
1019 369 1269 423 magnitudo
1303 369 1533 409 elemosine
1566 383 1614 409 ex

295 438 413 479 dictis
446 453 531 479 non
564 440 698 479 taliter
729 449 1010 491 mensuratur,
1043 449 1137 479 tum
1180 439 1312 478 eciam
1358 438 1456 492 quia
1500 439 1615 479 iuxta

294 509 552 550 adversarios
585 524 670 550 non
704 509 781 550 fuit
814 510 891 549 nisi
916 510 1042 550 nimis
1066 509 1205 550 stricta
1228 508 1441 549 restitucio
1475 508 1613 549 alieni.

295 579 376 620 Sed
408 581 803 635 quomodocunque
836 580 888 620 sit
927 581 977 620 de
1010 580 1110 632 istis,
1156 579 1379 619 verisimile
1424 588 1485 619 est
1517 579 1615 632 quia

262 649 422 694 5Cesar
453 659 617 691 cecatus
649 651 840 690 tumebat
873 650 1080 704 superbia,
1126 659 1165 690 et
1198 650 1254 690 sic
1297 658 1386 689 tarn
1419 649 1613 689 elemosi—

294 729 440 760 nantes
472 734 601 774 quam
641 720 903 761 elemosinati
948 729 1123 774 peccant
1167 719 1464 772 communiter,
1509 719 1616 759 sicut

294 790 471 842 quilibet
508 791 643 830 viator
687 792 822 831 sciens
867 791 931 831 vel
977 791 1248 845 probabiliter
1292 791 1460 829 credens
1500 791 1614 843 quod

199 869 278 902 182h
293 860 436 914 religio
458 860 483 887 ²³²
503 861 565 900 vel
600 861 870 902 conversacio
916 861 994 901 alia
1029 862 1104 901 sibi
1151 861 1323 901 faciliter
1355 860 1615 913 adquiribilis

294 939 397 969 esset
438 931 513 970 sibi
560 931 722 981 melior,
757 942 795 971 et
844 941 983 972 tamen
1040 932 1216 985 quiescit
1259 931 1425 984 torpide
1458 931 1497 969 in
1533 931 1615 970 vita

239 1014 421 1053 mquam
454 1010 617 1053 reputat
651 1002 725 1040 sibi
752 1003 892 1042 minus
916 1002 1177 1042 meritoriam
1205 1003 1269 1041 vel
1293 1002 1433 1041 minus
1467 1001 1615 1041 utilem

292 1080 431 1111 sancte
454 1072 575 1113 matri
599 1072 784 1125 ecclesie,
820 1083 863 1113 ut
895 1073 952 1113 sic
985 1082 1149 1127 peccat;
1183 1082 1221 1112 et
1243 1073 1295 1112 ad
1324 1071 1613 1112 arbitrandum

292 1141 372 1181 hoc
406 1143 630 1196 requiritur
661 1142 815 1182 mentis
849 1143 1064 1197 purgacio,
1097 1152 1228 1183 status
1262 1152 1300 1183 et
1340 1143 1613 1183 circumstan-

292 1211 451 1252 ciarum
474 1213 673 1253 discrecio
706 1214 777 1252 sed
811 1213 990 1253 omnino
1021 1213 1222 1267 scripture
1245 1228 1358 1253 sacre
1382 1213 1614 1253 consulcio.

293 1281 515 1335 Contingit
547 1283 660 1323 enim
693 1285 808 1338 quod
840 1298 909 1324 rex
942 1284 1005 1324 vel
1048 1283 1154 1323 alius
1199 1283 1326 1324 seculi
1372 1293 1614 1337 potentatus
1629 1287 1655 1313 Α
1671 1286 1750 1321 lx'ing
1769 1294 1839 1317 mas*
1854 1295 1904 1314 se:

1659 1322 1721 1349 that
1743 1323 1762 1348 it
1784 1322 1809 1348 is
1821 1319 1876 1348 'his

239 1353 435 1397 15videns
468 1354 744 1394 obstinaciam
778 1354 871 1394 cleri
906 1364 946 1395 et
977 1355 1126 1408 populi
1159 1364 1326 1395 tantum
1364 1355 1613 1394 invalescere
1640 1356 1885 1419 ᾒιῑιῑῐῐιὶὲΐῑῖὴζξῑξὲ

292 1423 331 1462 in
357 1433 604 1478 contemptu
628 1425 779 1464 Christi
816 1435 854 1465 ct
887 1439 961 1465 sue
996 1426 1166 1466 ecclesie
1198 1427 1315 1479 quod
1336 1425 1441 1464 soret
1465 1425 1538 1464 sibi
1565 1439 1612 1464 ex
1681 1427 1851 1489 epgffigiionff

291 1493 360 1533 tali
395 1495 696 1548 supposicione
730 1495 970 1536 meritorius
1004 1496 1237 1536 conversari
1271 1496 1522 1548 seculariter,
1568 1505 1613 1535 ut
1754 1483 1771 1496 ὃ

292 1577 365 1617 per
396 1565 586 1617 gladium
610 1566 758 1607 datum
791 1566 866 1606 sibi
892 1581 913 1606 a
936 1568 1027 1607 Deo
1062 1566 1280 1607 coherceat
1312 1575 1509 1620 potenter
1540 1567 1611 1606 ad-

293 1635 496 1674 versarios
528 1635 630 1688 legis
664 1636 835 1689 Christi,
870 1651 1000 1690 quam
1033 1637 1140 1677 soret
1172 1637 1249 1676 sibi
1283 1637 1411 1677 istum
1457 1646 1614 1677 statum

235 1726 277 1748 20
293 1705 478 1745 deserere
512 1715 550 1746 et
581 1707 709 1747 vitam
744 1707 1116 1761 exproprIetariam
1149 1707 1282 1747 clerici
1316 1709 1381 1747 vel
1413 1707 1613 1748 heremite

292 1790 516 1817 assumere.
579 1777 674 1818 Vita
706 1787 847 1817 tamen
880 1778 1121 1818 communis
1166 1778 1504 1832 exproprietaria,
1538 1792 1613 1818 nec

293 1845 334 1884 in
374 1860 526 1900 magna
558 1856 821 1887 terrenorum
853 1847 1073 1888 affluencia
1107 1861 1182 1887 nec
1214 1848 1254 1887 in
1280 1862 1431 1902 magna
1465 1862 1614 1888 eorum

292 1916 491 1967 carencia,
538 1917 700 1957 videtur
739 1918 1022 1958 communiter
1065 1918 1279 1958 illustratis
1324 1918 1520 1971 securior,
1568 1929 1614 1959 ut

291 1986 414 2026 docet
447 1987 656 2027 Solomon
690 1989 810 2029 Prov.
843 1989 997 2040 XXXo,
1032 1989 1070 2041 8,
1103 1989 1192 2028 aliis
1225 1998 1367 2029 autem
1400 1989 1613 2029 illustratis

237 2066 277 2099 25
296 2057 554 2097 eminencius
588 2068 648 2098 est
681 2059 763 2097 vita
796 2059 926 2098 arcior
959 2060 1023 2099 vel
1067 2059 1109 2099 in
1144 2073 1240 2099 cura
1285 2059 1427 2111 alcior,
1475 2060 1613 2099 debite

296 2126 534 2180 proficienti
567 2127 817 2181 perfeccior;
865 2130 983 2182 quod
1018 2129 1049 2168 si
1083 2138 1255 2183 propter
1287 2129 1518 2184 ypocrisim
1549 2131 1613 2169 vel

293 2197 524 2250 primatum
547 2207 679 2239 status
703 2199 795 2239 talis
818 2199 1042 2252 appetitur,
1076 2200 1217 2240 nullus
1241 2209 1302 2240 est
1324 2199 1612 2253 periculosior,

292 2267 391 2321 quia
435 2268 652 2322 Sapiencie
696 2269 786 2320 Vla,
821 2269 858 2321 6,
892 2269 1060 2310 dicitur:
1115 2270 1372 2310 Districtum
1406 2270 1610 2311 iudicium

292 2337 370 2376 hiis
403 2338 476 2391 qui
500 2345 683 2391 presunt
700 2338 808 2391 fiet‚·
839 2353 861 2378 a
893 2339 1045 2379 talibus
1080 2340 1193 2379 enim
1225 2340 1465 2380 archiservis
1499 2342 1612 2381 Deus

237 2417 278 2449 30
294 2407 476 2461 requiret
508 2408 693 2448 striccius
727 2418 982 2463 compotum
1014 2410 1157 2449 talenti
1189 2410 1326 2450 traditi
1360 2420 1399 2450 et
1430 2411 1613 2451 fructum

294 2477 526 2531 ministerii,
571 2489 611 2519 et
654 2489 768 2533 patet
823 2480 873 2519 de
930 2480 1180 2533 primatibus
1224 2480 1442 2535 utriusque
1486 2481 1611 2534 partis

295 2548 477 2601 ecclesie,
513 2549 619 2589 sicut
651 2549 823 2589 inferius
855 2551 1101 2590 ostendetur
1133 2551 1183 2590 de
1214 2550 1394 2603 regibus.

198 2628 233 2660 V
261 2630 276 2659 1
352 2619 472 2659 Unde
515 2619 679 2658 videtur
726 2619 830 2659 mihi
864 2621 977 2673 quod
1011 2634 1079 2659 rex
1112 2620 1262 2674 Anglie
1294 2620 1512 2660 annuatim
1548 2621 1611 2659 vel

295 2702 367 2740 per
389 2689 500 2728 vices
524 2703 732 2742 congruas
766 2688 917 2729 faceret
939 2689 1159 2743 diligenter
1183 2700 1222 2730 et
1245 2690 1425 2743 perfecte
1456 2690 1609 2743 inquiri

347 2813 372 2841 5.
405 2815 433 2841 A
463 2813 492 2841 in
523 2821 639 2848 marg:
670 2814 849 2842 Conclusio.
995 2823 1034 2842 10.
1067 2815 1107 2842 B:
1141 2815 1187 2842 vel
1218 2816 1321 2843 minus
1356 2815 1461 2843 utilem
1515 2818 1611 2843 deest.

295 2860 339 2888 28.
377 2859 587 2889 Durissimum
621 2861 770 2889 iudicium
809 2860 839 2888 in
878 2861 929 2888 lib.
963 2860 1036 2896 Sap.
1192 2861 1232 2889 31.
1266 2862 1382 2890 eodm:
1416 2867 1446 2889 nt
1474 2867 1541 2896 post
1575 2863 1611 2889 de

296 2907 488 2942 primatibus.
636 2907 676 2936 33.
699 2910 726 2936 Α
748 2909 768 2935 Β
791 2909 819 2936 in
842 2917 956 2943 marg:
977 2908 1058 2937 Nota
1079 2910 1245 2937 consilium
