2045 3312
165 284 222 322 44

187 891 414 932 canonizatiop

182 932 235 954 not
265 936 281 954 a
306 932 421 954 certam

164 962 259 997 proof
276 962 311 990 of
329 963 439 990 sancti-

279 1003 320 1035 ty.

878 284 1103 318 JOHANNIS
1131 286 1328 319 wvcmr.
1626 275 1779 334 [own.

459 389 677 442 cognoscit
722 390 927 443 explicite,
981 400 1081 431 tunc
1140 401 1306 433 tenetur
1349 395 1513 434 credere
1564 396 1680 449 quod
1730 396 1931 450 sit13420

458 459 550 498 talis
583 460 818 500 secundum
851 470 1089 514 presentem
1120 462 1331 503 iusticiam
1363 473 1402 504 et
1437 479 1534 505 cum
1557 464 1781 506 formidine

457 543 503 569 ac
537 530 883 570 condicionaliter
914 532 1029 584 quod
1061 531 1112 572 sit
1135 533 1226 573 talis
1249 533 1493 588 simpliciter
1525 535 1589 590 (ut
1621 536 1782 577 dictum

457 609 518 640 est
549 600 740 653 superius
774 601 824 640 de
853 615 963 654 papa
986 600 1164 656 nostro).
1198 604 1296 643 Non
1320 605 1434 645 enim
1456 606 1644 647 oneravit
1666 606 1779 647 Deus

456 670 513 709 sic
545 684 667 710 suam
700 671 932 723 ecclesiam,
966 681 1012 712 ut
1044 673 1289 714 necessitata
1333 675 1385 716 sit
1431 675 1583 717 falsum
1616 677 1813 722 credere5

455 742 505 780 de
538 741 622 781 suis
655 740 878 794 prepositis
920 755 1019 782 cum
1051 742 1131 783 hoc
1161 745 1278 797 quod
1310 758 1397 785 non
1431 746 1531 787 dent
1562 747 1780 788 materiam

455 811 511 850 sic
544 811 751 851 credendi.

512 882 579 920 Ad
612 881 734 921 aliam
770 880 1063 923 difficultatem
1101 885 1150 924 de
1175 885 1502 926 canonizacione
1536 897 1828 933 sanctoruml3

454 961 568 1005 patet
613 952 729 1006 quod
774 954 1148 1006 correspondentes
1187 956 1510 1009 quodammodo
1538 966 1604 998 ‘est
1637 958 1778 998 dicen-

454 1022 576 1062 dum:
644 1023 850 1071 Quamvis
897 1023 1009 1063 enim
1055 1024 1106 1064 sit
1155 1025 1452 1066 vehemencior
1487 1027 1699 1068 evidencia
1732 1042 1838 1072 ex10

453 1092 699 1133 testimonio
753 1094 945 1134 Romane
1005 1095 1176 1135 ecclesie
1235 1097 1351 1150 quod
1411 1112 1588 1151 persona
1650 1112 1779 1152 quam

454 1163 675 1204 canonizat
707 1163 759 1204 sit
791 1165 1032 1205 membrum
1065 1166 1235 1206 ecclesie
1268 1167 1583 1222 triumphantis,
1618 1178 1657 1209 et
1689 1182 1778 1208 am-

452 1233 562 1286 plior
595 1233 822 1286 evidencia,
856 1234 887 1273 si
910 1249 988 1288 pro
1021 1245 1165 1276 sancto
1190 1237 1303 1277 Deus
1336 1248 1534 1292 operetur
1560 1239 1776 1291 miracula,

450 1312 592 1343 tamen
626 1304 850 1358 utrobique
893 1304 935 1344 in
975 1306 1045 1346 tali
1089 1307 1263 1347 materia
1307 1317 1447 1361 potest
1492 1323 1579 1350 esse
1623 1309 1776 1350 illusio.

451 1374 561 1413 Nam
594 1374 701 1415 sicut
734 1389 781 1414 ex
805 1375 1070 1416 confessione
1101 1377 1246 1430 legum
1268 1379 1437 1419 ecclesie
1470 1379 1559 1433 ipsa
1594 1380 1777 1420 militans
1798 1390 1833 1423 15

451 1445 606 1497 decipit
630 1454 669 1485 et
692 1445 898 1499 decipitur
913 1444 978 1502 (ut
992 1456 1106 1500 patet
1117 1449 1176 1489 VO
1193 1449 1475 1502 decretalium,
1498 1451 1547 1489 de
1569 1450 1779 1490 sentencia

450 1515 907 1555 excommunicacionis
940 1518 974 1555 A
1009 1516 1146 1573 nobis)
1180 1518 1221 1557 in
1255 1528 1422 1559 tantum
1445 1521 1560 1574 quod
1584 1522 1776 1575 quando-

449 1599 531 1639 que
563 1586 723 1626 multos
764 1588 1103 1628 excommunicat
1135 1590 1159 1613 ÷÷
1191 1589 1262 1643 qui
1297 1599 1395 1630 sunt
1426 1591 1553 1631 soluti
1587 1600 1626 1632 et
1658 1592 1776 1632 valde
1797 1599 1875 1643 134b

449 1656 724 1708 acceptabiles
758 1658 900 1710 quoad
932 1658 1090 1698 Deum:
1125 1658 1181 1698 sic
1215 1659 1422 1713 contingit
1463 1662 1579 1714 quod
1611 1662 1775 1716 aliquos

449 1725 639 1766 absolvat
661 1734 701 1766 et
723 1727 899 1767 ascribat
924 1728 1147 1781 cathalogo
1165 1739 1409 1770 sanctorum
1433 1744 1531 1771 cum
1553 1731 1634 1772 hoc
1657 1733 1772 1786 quod
1790 1752 1833 1774 20

449 1797 562 1848 apud
596 1796 735 1836 Deum
779 1797 863 1837 sint
907 1798 1133 1838 iustissime
1178 1800 1491 1853 condempnati.
1538 1802 1636 1842 Ideo
1668 1804 1775 1844 absit

450 1866 725 1906 christianum
760 1868 925 1908 credere
949 1870 1066 1923 quod
1089 1870 1139 1908 de
1164 1870 1408 1911 necessitate
1431 1871 1575 1912 salutis
1605 1883 1774 1926 oportet

449 1950 623 1976 omnem
655 1937 824 1977 fidelem
867 1939 1031 1978 credere
1076 1939 1268 1993 explicite
1302 1942 1352 1981 de
1384 1942 1462 1982 isto
1506 1952 1546 1982 et
1577 1958 1771 1998 quocun-

448 2021 529 2061 que
562 2021 691 2061 quem
724 2008 896 2048 ecclesia
940 2018 1082 2049 nostra
1127 2010 1362 2063 canonizat,
1409 2021 1454 2052 ut
1487 2026 1536 2053 eo
1584 2014 1676 2067 ipso
1722 2016 1773 2056 sit

448 2078 605 2130 beatus,
639 2078 737 2131 quia
769 2087 869 2119 tunc
893 2079 1144 2121 haberemus
1178 2082 1408 2121 simbolum
1432 2082 1556 2123 nimis
1579 2084 1770 2138 longum.
1789 2093 1828 2125 25

446 2149 532 2188 Nec
565 2148 768 2188 debemus
801 2150 991 2204 explicite
1024 2152 1188 2192 credere
1221 2153 1270 2191 de
1303 2166 1525 2207 quoquam
1553 2154 1621 2193 tali
1656 2157 1772 2208 quod

447 2232 532 2257 non
567 2227 620 2258 Slt
652 2227 833 2269 sanctus,
879 2221 949 2259 sed
996 2222 1253 2262 excuciendo
1298 2223 1689 2264 consideracionem
1722 2227 1772 2266 de

445 2288 613 2340 talibus,
646 2289 886 2330 adherendo
920 2291 1027 2344 parti
1061 2293 1181 2332 nobis
1227 2294 1514 2346 probabiliori,
1563 2296 1771 2337 credendo

446 2372 545 2398 cum
590 2359 838 2400 condicione
887 2361 951 2401 vel
996 2362 1061 2414 pie
1107 2376 1204 2403 cum
1251 2363 1474 2405 formidine
1519 2366 1769 2417 dubitand03

445 2430 495 2468 de
528 2430 737 2483 aliquibus
771 2441 912 2471 autem
945 2433 1098 2473 sanctis
1127 2434 1335 2475 credimus
1367 2435 1523 2490 absque
1547 2436 1770 2476 formidine
1786 2443 1827 2476 30

446 2499 577 2539 eciam
625 2501 816 2554 explicite
862 2504 977 2556 quod
1021 2513 1119 2544 sunt
1165 2505 1310 2557 sancti,
1368 2514 1413 2546 ut
1458 2507 1508 2545 de
1551 2507 1768 2559 apostolis,

445 2570 683 2610 martiribus
717 2581 757 2611 et
789 2573 940 2613 sanctis
974 2573 1185 2626 primitive
1209 2575 1398 2627 ecclesie3
1432 2577 1482 2616 de
1505 2576 1594 2615 aliis
1627 2585 1769 2616 autem

503 2704 532 2728 Δι.
556 2694 593 2722 Β;
624 2697 754 2724 ornavit.
891 2700 918 2726 8.
941 2699 967 2725 Α
998 2699 1027 2726 in
1056 2707 1159 2734 marg:
1191 2700 1228 2727 de
1253 2700 1496 2729 canonisacione
1523 2707 1702 2729 sanctorum
1731 2702 1767 2728 ab

444 2742 574 2769 ccclesia
595 2742 732 2771 Romana
754 2745 914 2779 quomodo
938 2750 981 2773 est
1002 2747 1202 2774 credendum⁴
1343 2749 1383 2775 16.
1406 2748 1450 2775 A:
1472 2753 1553 2784 patet
1574 2749 1669 2776 deest.
1693 2748 1714 2775 Ι),
1737 2748 1766 2775 in

444 2796 547 2823 marg:
571 2788 606 2816 V.
630 2789 843 2820 decretalium.
1007 2801 1048 2829 ις).
1071 2794 1097 2821 Α
1126 2794 1154 2821 iu
1183 2802 1286 2829 marg:
1322 2794 1365 2822 De
1392 2795 1505 2823 sanctis
1534 2796 1696 2832 quomodo
1725 2802 1768 2823 cst

444 2836 648 2864 credendum.
664 2837 785 2871 (Above
799 2838 864 2872 134¹*
875 2839 1002 2867 without
1024 2841 1108 2869 mark
1129 2841 1164 2868 of
1181 2841 1360 2876 reference.)
1452 2843 1490 2870 151.
1508 2842 1546 2869 B:
1568 2842 1649 2878 quod
1672 2843 1768 2870 deest.

509 2931 556 2964 Is).
584 2933 684 2964 Decr.
713 2934 834 2976 Gregr.
863 2935 915 2975 IX,
944 2934 1000 2968 lib.
1021 2937 1061 2977 V,
1088 2936 1137 2969 tit.
1158 2937 1308 2979 XXXIX,
1334 2948 1408 2982 cap.
1433 2939 1524 2971 XXI.
1551 2939 1578 2972 A
1607 2938 1719 2970 nobis.
