2045 3312
294 258 381 286 CAP.
395 244 491 304 xnr]
787 259 847 290 DE
874 258 1107 291 ECCLESIA
1829 249 1908 302 287

142 366 514 420 H1t39¹·excitante‚
558 374 598 404 et
630 365 803 403 demum
849 364 1134 403 communiter
1177 363 1220 401 in
1265 363 1497 403 elemosina
1529 374 1615 404 tam

295 436 503 490 corporali
536 449 666 488 quam
700 433 904 487 spirituali
938 433 1119 486 surrepit
1141 433 1312 473 affeccio
1346 447 1451 473 vane
1484 434 1615 487 glorie

293 508 359 546 vel
402 506 501 546 boni
550 505 663 544 utilis
706 503 973 556 temporalis;
1007 512 1047 543 et
1079 502 1130 557 (si
1165 517 1252 543 non
1285 503 1423 557 fallor)
1467 505 1615 543 oculus

298 576 446 617 cesar1s
492 574 817 629 quodammodo
861 573 1039 613 infectus
1086 573 1220 613 fuerat
1256 573 1298 613 in
1345 573 1423 612 hiis
1468 574 1613 614 tribus.

263 658 277 689 5
299 647 405 696 Quis
440 660 544 699 rogo
578 645 699 685 sciret
740 645 889 683 docere
921 645 1037 697 quod
1061 657 1175 684 cesar
1195 644 1260 683 vel
1287 643 1392 683 alius
1415 644 1614 684 dominus

295 717 489 756 secularis
522 716 564 755 in
604 715 821 756 fundando
853 723 940 754 tam
985 714 1152 767 publice
1197 724 1423 768 perpetuas
1457 716 1613 754 elemo-

294 786 404 825 sinas
437 800 523 825 non
556 786 735 826 intendit
766 799 869 825 vane
893 785 1073 839 gloriam
1096 785 1407 839 solempnitatis
1431 786 1615 825 nominis

293 856 357 896 sui
386 866 425 896 et
458 856 521 896 sui
541 856 702 909 generis
734 856 872 909 longis
904 855 1168 908 temporibus
1191 853 1461 895 duraturam?
1486 857 1615 904 Quod

294 927 325 965 si
374 926 477 967 illud
512 927 797 980 preponderat
833 925 1063 965 intencioni
1096 926 1274 976 dextere,
1309 925 1500 965 faciendo
1533 927 1613 965 ele—

241 996 481 1041 10mosinas
514 997 565 1036 de
598 996 751 1047 alieno,
785 1005 930 1050 peccat
962 996 1206 1036 mortaliter.

260 1080 278 1112 1
351 1069 404 1107 Et
453 1076 565 1121 patet
611 1068 661 1106 ad
708 1067 889 1107 formam
933 1067 1173 1120 argumenti
1207 1067 1478 1107 concedendo
1513 1081 1612 1107 con-

295 1137 531 1178 clusionem
575 1146 614 1177 et
659 1137 894 1191 sequelam:
950 1139 1061 1177 Nam
1093 1137 1277 1177 maxima
1311 1138 1540 1177 elemosina
1572 1138 1613 1177 in

292 1207 357 1248 via
392 1217 453 1248 est
484 1217 531 1247 ut
563 1207 657 1261 quis
687 1207 897 1261 relinquat
919 1208 1086 1261 penitus
1110 1207 1275 1247 civilem
1302 1209 1615 1261 possessionem

294 1277 334 1317 in
368 1279 533 1318 mundo
567 1287 606 1318 et
638 1287 770 1331 ponat
801 1277 930 1317 vitam
963 1286 1202 1330 presentem
1235 1292 1311 1330 pro
1345 1278 1508 1318 honore
1539 1278 1611 1318 Dei

240 1360 276 1392 15
294 1358 333 1388 et
365 1349 541 1388 utilitate
574 1348 743 1389 ecclesie
775 1349 938 1388 dicente
970 1348 1138 1388 Christo
1177 1349 1380 1388 ,Iohannis
1413 1350 1503 1397 XV,
1546 1351 1612 1389 13:

292 1419 508 1459 Maiorem
555 1419 778 1459 caritatem
826 1432 949 1458 nemo
996 1419 1122 1458 hahet
1166 1432 1294 1472 quam
1337 1426 1381 1459 ut
1420 1420 1612 1459 animam

290 1502 412 1529 snam
440 1495 580 1543 ponat
611 1491 705 1542 quis
730 1503 816 1542 pro
850 1490 1000 1529 amicis
1033 1490 1146 1537 suis;
1172 1490 1266 1529 talis
1300 1490 1335 1529 ei
1368 1491 1438 1529 dat
1470 1491 1613 1530 omnia

292 1560 405 1599 bona
450 1574 525 1600 sua
569 1560 735 1600 fortune
784 1569 823 1599 et
867 1559 1011 1599 omnia
1055 1560 1167 1598 bona
1205 1573 1280 1599 sua
1319 1560 1537 1611 naturalia,
1574 1570 1614 1600 et

292 1644 391 1670 cum
437 1631 538 1670 iusti
581 1637 682 1671 sunt
725 1631 883 1678 omnia,
933 1639 1049 1683 patet
1093 1631 1208 1684 quod
1240 1631 1282 1669 in
1321 1631 1392 1670 tali
1437 1631 1613 1670 dacione

234 1722 276 1743 20
292 1699 492 1740 fundatur
524 1701 757 1741 elemosina
788 1700 1049 1753 largissima3
1083 1710 1121 1740 et
1153 1710 1268 1754 patet
1300 1701 1532 1741 conclusio.

351 1771 506 1820 Quoad
568 1771 847 1824 quantitatem
905 1771 1106 1822 muneris,
1170 1772 1314 1824 quoad
1376 1771 1612 1812 libertatem
1626 1787 1733 1814 Those
1752 1786 1824 1814 who
1846 1787 1902 1814 live

292 1841 540 1881 donacionis
593 1851 633 1881 et
685 1841 827 1894 quoad
875 1841 1196 1881 diuturnitatem
1242 1842 1446 1894 temporis
1499 1823 1903 1894 patetpglriiimgiv‘cpgiiiis

291 1912 409 1965 quod
453 1911 639 1951 viventes
690 1910 1014 1964 exproprietarie
1059 1911 1259 1965 religione
1305 1921 1507 1965 perpetua
1552 1912 1610 1952 fa·
1728 1892 1806 1919 b⁶⁵¹'

292 1981 408 2022 ciunt
459 1981 710 2022 elemosinas
754 1980 1005 2034 largissimas
1051 1990 1091 2021 et
1122 1981 1467 2031 ordinatissimas,
1513 1983 1613 2036 quia

235 2064 274 2097 25
292 2053 430 2105 primo
455 2051 705 2092 miserentur
738 2050 878 2090 anime
900 2065 974 2090 sue
998 2051 1210 2104 placentes
1234 2052 1338 2103 Deo,
1364 2061 1402 2091 et
1426 2053 1611 2092 secundo

292 2121 487 2162 facientes
520 2121 751 2175 spiritualia
783 2134 910 2174 opera
942 2121 1229 2161 misericordie
1262 2121 1337 2162 toti
1370 2123 1535 2162 mundo
1564 2136 1612 2162 ex

290 2192 329 2231 vi
383 2192 699 2233 communionis
752 2200 996 2231 sanctorum
1044 2192 1139 2245 plus
1189 2193 1241 2232 ad
1287 2192 1493 2233 honorem
1536 2192 1612 2232 Dei

292 2273 472 2317 prosunt
505 2262 675 2303 ecclesie
708 2276 837 2316 quam
871 2262 1065 2301 secularis
1098 2264 1370 2303 accumulans
1404 2263 1613 2317 quotlibet

293 2334 543 2388 temporalia
575 2332 722 2372 domui
757 2332 915 2385 private
939 2334 1177 2372 secundum
1198 2333 1448 2386 religionem
1478 2342 1613 2386 preter
1644 2344 1711 2373 The
1733 2346 1831 2372 worm
1854 2345 1889 2373 of

234 2413 275 2446 30
293 2404 576 2458 evangelicam
622 2404 859 2443 adinvente.
905 2403 1028 2442 Unde
1073 2403 1179 2443 absit
1226 2402 1394 2443 fidelem
1448 2381 1904 2450 crederedaelssssssdd‘ifnssll‘gls

292 2475 410 2529 quod
442 2472 821 2528 proporcionaliter
852 2472 904 2511 ad
938 2473 1218 2525 quantitatem
1240 2473 1364 2513 molis
1396 2474 1462 2513 vel
1495 2475 1610 2513 valo·
1692 2456 1832 2477 ‘mount'

291 2545 345 2584 ris
379 2544 521 2584 donati
562 2543 604 2582 in
644 2542 736 2582 foro
776 2541 904 2581 seculi
937 2542 1165 2582 attenditur
1203 2544 1414 2597 quantitas
1453 2545 1610 2583 elemo-

292 2615 379 2654 sine
429 2613 660 2664 donatoris,
706 2625 804 2651 cum
848 2610 1063 2651 infinitum
1096 2612 1301 2652 maiorem
1337 2614 1611 2653 elemosinam

292 2685 499 2739 contingit
542 2682 855 2738 quantumlibet
899 2682 1040 2722 minus
1087 2683 1223 2723 valere
1256 2684 1297 2723 in
1332 2684 1424 2723 foro
1469 2685 1609 2724 seculi.

345 2857 369 2885 5.
401 2858 428 2884 Α
449 2857 477 2884 in
499 2865 614 2891 marg.:
648 2856 831 2884 Conclusio.
976 2863 1009 2882 11.
1041 2857 1066 2882 A
1094 2856 1122 2882 in
1152 2864 1267 2890 marga
1301 2857 1348 2883 Ad
1381 2861 1609 2891 argumentum.

293 2913 327 2931 ιι.
349 2912 385 2931 12.
409 2906 434 2931 A
457 2906 511 2939 Al:
534 2905 672 2932 concedo
692 2906 939 2932 conclusionem.
