2045 3312
228 251 318 281 CAP.
335 242 403 300 vr]
734 252 794 286 DE
821 251 1058 286 ECCLESIA.

65 361 526 417 V147diustfficacz'one
557 366 596 400 et
632 358 977 414 glorg‘ficczcione,
1019 365 1134 411 patet
1172 358 1289 412 quod
1333 367 1393 397 est
1440 359 1536 398 dare

217 431 595 486 correspondentes
617 430 669 469 ad
683 428 1094 483 predestinacionem
1109 428 1185 468 Dei
1202 437 1390 469 eternam
1406 442 1537 469 unam

215 501 621 558 predestinacionem
634 500 845 554 passivam
859 513 941 553 que
958 498 1114 552 incepit
1135 498 1241 539 sicut
1258 498 1414 552 incepit
1435 513 1535 551 esse,

215 574 331 628 quod
363 573 440 612 iste
476 581 537 611 est
569 570 890 624 predestinatus.
926 570 978 610 Et
1009 569 1079 608 illa
1100 569 1405 622 predestinacio
1439 583 1538 610 cum

182 644 264 688 §sit
286 642 537 697 precipuum
559 641 723 681 donum
746 639 821 680 Dei
844 639 1075 693 gratissime
1099 640 1259 692 datum,
1284 653 1383 679 cum
1406 653 1533 680 nemo

214 723 353 769 potest
384 712 534 753 mereri
567 725 685 752 suam
732 710 1156 764 predestinacionem,
1203 724 1252 750 eo
1289 712 1405 765 quod
1450 725 1536 750 non

213 792 352 839 potest
402 783 536 822 inesse
589 781 667 821 nisi
713 780 810 821 insit
853 780 993 834 primo
1046 781 1218 821 instanti
1252 780 1536 835 predestinati,

212 855 307 894 ideo
340 862 453 907 patet
485 867 533 893 ex
565 851 782 892 communi
814 865 1010 891 sermone
1043 851 1154 892 dicto
1189 852 1239 891 de
1264 851 1398 905 gracia
1421 852 1538 905 quod

214 925 283 965 illa
321 923 625 978 predestinacio
659 931 719 963 est
750 922 886 977 gracia
918 921 1130 976 precipua,
1177 922 1248 962 sed
1292 922 1442 962 dicitur
1486 923 1537 962 ad

161 1016 199 1040 10
215 995 388 1051 aliquid,
424 995 529 1036 sicut
569 994 759 1044 sciencia,
804 992 1004 1033 meritum
1050 1002 1089 1033 et
1133 993 1267 1033 multa
1312 992 1409 1033 talia
1455 1007 1537 1047 que

214 1075 420 1107 vocantur
452 1065 686 1120 qualitates.
720 1065 845 1104 Nulla
879 1064 992 1103 enim
1024 1063 1201 1118 qualitas
1235 1072 1296 1104 est
1318 1077 1380 1104 res
1412 1064 1535 1103 abso-

212 1138 314 1190 luta,
346 1145 497 1190 potens
536 1149 609 1189 per
642 1149 684 1175 se
717 1134 902 1187 existere,
947 1144 986 1175 et
1030 1134 1086 1175 sic
1132 1133 1376 1173 conceditur
1418 1133 1536 1188 quod

215 1221 301 1247 non
364 1216 504 1261 potest
558 1205 689 1259 perdi,
746 1219 844 1246 cum
901 1205 950 1245 sit
1007 1204 1334 1245 fundamentum
1378 1203 1534 1257 glorifi-

215 1277 373 1318 cacioni
406 1277 470 1317 vel
514 1275 776 1327 beatitudini,
809 1289 891 1329 que
924 1289 1000 1315 nec
1031 1274 1165 1314 eciam
1218 1284 1357 1329 potest
1404 1273 1534 1328 perdi.

162 1349 324 1393 15Nam
357 1347 389 1388 si
422 1348 601 1387 alterum
632 1346 812 1387 istorum
851 1346 1051 1400 perditur,
1095 1345 1238 1400 ipsum
1282 1344 1374 1397 fuit,
1420 1354 1460 1386 et
1504 1345 1536 1384 si

213 1432 403 1473 unquam
437 1418 526 1470 fuit,
561 1432 658 1457 cum
698 1430 784 1456 non
836 1425 976 1470 potest
1028 1430 1115 1456 esse
1167 1415 1402 1456 accidenter
1443 1429 1534 1469 pre-

213 1488 441 1530 destinacio
474 1489 539 1528 vel
564 1487 793 1535 beatitudo,
810 1487 951 1541 ipsum
967 1500 1132 1540 semper
1163 1486 1249 1539 erit,
1269 1495 1309 1526 et
1329 1499 1402 1539 per
1434 1500 1535 1526 con-

212 1573 405 1614 sequens,
439 1573 525 1599 non
559 1558 757 1612 perditur,
790 1558 885 1598 ideo
919 1558 950 1598 si
974 1557 1173 1611 perditur,
1208 1570 1294 1597 non
1327 1556 1535 1610 perditur;

213 1639 252 1671 et
283 1638 397 1684 patet
429 1631 480 1670 ad
512 1629 700 1683 primum
718 1628 882 1668 mirum.

159 1714 198 1748 X
271 1702 370 1750 Quo
393 1700 445 1740 ad
478 1700 713 1739 secundum
751 1698 913 1750 dicitur,
946 1712 1044 1738 cum
1077 1711 1203 1737 nemo
1236 1698 1399 1741 dubitat
1431 1699 1534 1753 quin

213 1771 337 1811 multi
376 1770 644 1825 predestinati
678 1778 903 1823 peccarunt
934 1768 1178 1821 mortaliter,
1228 1779 1315 1810 tam
1362 1780 1536 1824 peccato

214 1841 405 1895 originali
429 1854 558 1894 quam
572 1840 736 1891 actuali,
752 1849 798 1880 ut
821 1848 935 1893 patet
957 1840 1007 1879 de
1021 1839 1169 1891 David,
1189 1841 1312 1880 Petro
1333 1850 1372 1881 et
1386 1841 1534 1892 Paulo,

214 1921 253 1952 et
267 1911 571 1966 predestinacio
586 1925 671 1950 non
687 1920 827 1965 potest
842 1910 959 1964 perdi
982 1910 1095 1950 iuxta
1118 1911 1240 1963 dicta,
1263 1912 1537 1953 manifestum

215 1992 274 2023 est
289 1983 404 2037 quod
421 1981 558 2035 gracia
572 1981 946 2035 predestinacionis
961 1990 1042 2021 stat
1056 1995 1153 2021 curn
1163 1992 1335 2035 peccato
1352 1983 1535 2035 mortali,

158 2067 196 2099 25
213 2062 536 2106 verumptamen
568 2062 774 2106 repugnat
813 2061 985 2106 peccato
1024 2052 1066 2091 in
1100 2052 1293 2106 spiritum
1329 2062 1535 2106 sanctum,

213 2124 320 2164 sicut
362 2124 499 2178 gracia
550 2123 714 2177 presciti
763 2123 997 2163 secundum
1041 2132 1279 2176 presentem
1326 2124 1536 2165 iusticiam

215 2203 420 2248 repugnat
435 2194 746 2247 dampnacioni,
762 2193 857 2234 licet
879 2203 1151 2248 aggregatum
1177 2207 1224 2233 ex
1246 2193 1314 2233 illa
1337 2194 1473 2248 gracia
1498 2204 1538 2235 et

212 2264 463 2319 presciencia
486 2264 635 2304 inferat
670 2264 903 2305 necessario
934 2264 1290 2318 dampnacionem
1323 2262 1389 2320 (ut
1421 2274 1535 2318 patet

212 2335 418 2388 XXXIIIa,
463 2349 502 2389 q.
537 2344 698 2389 quarta,
754 2334 876 2375 Vasis
922 2336 997 2386 ire,
1038 2344 1078 2375 et
1124 2334 1309 2388 capitulo
1343 2335 1533 2389 sequenti

159 2417 200 2450 30
214 2419 262 2445 ex
292 2405 537 2446 testimonio
560 2404 820 2459 Augustini).
847 2406 969 2446 Unde
992 2405 1312 2445 concedendum
1336 2414 1396 2446 est
1418 2407 1534 2460 quod

214 2477 328 2516 Deus
372 2476 587 2516 infinitum
631 2477 726 2530 plus
779 2475 912 2530 diligit
964 2477 1138 2516 Petrum
1201 2476 1343 2529 quoad
1394 2491 1533 2517 mores

215 2547 346 2586 eciam
368 2547 472 2587 dum
504 2557 628 2600 negat
654 2560 765 2599 eum,
799 2560 929 2600 quam
950 2546 1083 2600 diligit
1115 2546 1306 2587 Scarioth
1338 2547 1441 2586 dum
1475 2557 1534 2588 est

265 2708 289 2736 5.
318 2708 356 2735 B:
387 2707 577 2743 principium
609 2707 740 2735 domini.
826 2716 855 2744 7.
878 2707 921 2734 A:
943 2707 1002 2735 nisi
1024 2707 1094 2736 nisi.
1195 2716 1239 2744 27.
1272 2708 1316 2736 A:
1343 2712 1528 2743 repungnat.

214 2753 260 2782 28.
281 2755 309 2782 A
338 2755 395 2790 Al:
428 2759 510 2791 patet
538 2754 636 2783 deest.

275 2905 327 2939 29.
354 2896 450 2930 Decr.
477 2897 516 2930 II.
543 2907 633 2940 pars,
660 2897 774 2930 Causa
801 2897 924 2939 XXIII,
950 2908 984 2940 q.
1011 2898 1068 2940 IV,
1095 2908 1122 2930 c.
1150 2897 1270 2930 XXIII.

1745 241 1819 294 139

1563 647 1812 676 Predestinatiou

1552 683 1576 709 is
1607 682 1705 710 God‘s
1736 683 1820 711 chief

1563 718 1630 756 gift.
1652 718 1712 745 aud
1734 718 1815 757 from

1583 758 1619 780 its
1642 758 1749 780 nature
1770 758 1792 781 lt

1605 793 1721 815 cannot
1741 788 1779 815 be

1587 823 1676 857 given
1699 827 1727 850 at
1748 824 1783 850 all

1570 859 1674 885 unless
1696 859 1815 886 carried

1575 899 1603 921 to
1626 893 1796 921 sullilment.

1568 1711 1636 1740 The
1656 1712 1809 1752 predesti-

1575 1752 1645 1775 nate
1666 1755 1736 1783 may
1756 1756 1802 1776 sm

1612 1784 1766 1820 mortally,
