2045 3312
298 229 473 289 CAP.V1.]
804 245 864 277 DE
890 244 1126 277 ECCLESIA.
1830 248 1906 288 ¹27

178 360 250 394 Lo
359 350 509 390 Tercio
566 349 838 389 confirmatur
889 364 937 389 ex
991 349 1072 389 hoc
1119 350 1237 403 quod
1287 349 1459 389 ecclesia
1510 349 1617 389 foret
1640 356 1892 420 (ὀῖἓὲιὲξινῑὲιὲοῖιῖξε

206 429 283 471 146a
298 420 414 460 aliter
445 420 656 473 acephala,
695 433 794 459 cum
832 428 933 459 tunc
971 433 1058 459 non
1097 419 1267 459 haberet
1305 428 1432 472 caput
1469 419 1614 459 intrin-
1655 427 1882 490 Css‘ssssghbssssssst

297 504 441 530 secum
472 490 578 530 sicut
615 499 725 544 post,
765 499 804 530 et
843 503 941 529 cum
979 503 1066 529 non
1105 498 1245 543 potest
1287 489 1438 529 habere
1482 490 1617 530 taliter
1691 498 1845 526 headiess.

295 561 372 600 nisi
406 574 542 601 unum
574 569 714 614 caput,
752 560 917 600 videtur
954 561 1072 614 quod
1111 559 1306 600 Christus
1348 569 1442 600 ante
1482 560 1614 600 incar-

261 641 277 673 5
294 631 516 671 nacionem
548 631 626 672 fuit
648 640 773 685 caput
795 645 949 685 sponse
972 645 1045 671 sue
1067 630 1356 683 intrinsecum,
1378 630 1477 684 quia
1499 630 1615 670 aliter

293 701 358 741 vel
389 701 560 742 haberet
592 702 678 742 duo
712 701 847 756 capita
891 702 955 741 vel
988 701 1101 741 idem
1140 701 1247 741 foret
1294 710 1420 755 caput
1460 700 1612 741 extrin-

293 785 438 812 secum
471 781 510 812 et
542 781 669 826 caput
703 772 990 813 intrinsecum.
1025 773 1078 812 Et
1100 773 1152 811 ad
1174 771 1278 811 illud
1301 780 1454 811 sonant
1486 780 1611 825 quot-

291 842 391 883 libet
421 843 623 897 scripture
668 842 733 898 (ut
775 843 949 896 allegavi
989 843 1088 882 alias
1121 843 1171 882 de
1217 842 1338 882 beato
1382 842 1612 896 Jeronymo

290 911 332 951 in
365 913 551 966 quadam
583 913 759 967 epistola
791 914 842 953 ad
874 914 1054 953 Paulum
1088 922 1127 952 et
1159 911 1473 966 Eustochium).

237 1002 276 1024 10
349 983 430 1023 Hic
469 983 619 1024 dicitur
669 985 786 1038 quod
840 984 1027 1038 patribus
1065 983 1212 1023 veteris
1257 982 1495 1023 testamenti
1535 982 1612 1022 fuit
1714 987 1821 1025 Reply.

290 1053 365 1094 hec
397 1064 511 1095 vera:
544 1055 722 1095 verbum
755 1063 815 1095 est
847 1055 979 1094 homo
1007 1054 1198 1095 Christus
1220 1054 1350 1095 Jesus.
1385 1053 1466 1106 Ipsi
1500 1052 1612 1092 enim
1627 1023 1904 1087 ffigegaxissfsbcgr

291 1126 526 1166 secundum
558 1135 725 1166 sanctos
757 1125 997 1166 habuerunt
1031 1126 1209 1166 eandem
1230 1123 1359 1165 fidem
1382 1138 1512 1178 quarn
1534 1137 1611 1162 nos
1652 1095 1877 1167 lilssggiinixrtliciiif

288 1195 507 1238 habemus.
543 1196 640 1236 Ideo
674 1196 781 1237 sicut
813 1210 890 1236 nos
915 1196 1122 1236 credimus
1156 1195 1416 1235 creacionem
1448 1193 1611 1245 mundi,

290 1267 422 1306 carnis
453 1267 808 1307 resurreccionem
841 1276 880 1307 et
910 1266 1041 1307 vitan]
1059 1275 1258 1318 eternam,
1292 1266 1372 1305 hoc
1395 1273 1469 1318 est⁷
1494 1264 1612 1318 quod

236 1347 272 1379 15
289 1337 402 1377 Deus
426 1346 617 1391 tempore
650 1352 726 1378 suo
760 1347 869 1378 creat
901 1338 1128 1389 mundum,
1153 1337 1271 1391 quod
1294 1335 1451 1376 mortui
1474 1348 1609 1375 resur-

288 1417 400 1461 gent,
434 1417 474 1448 et
495 1409 613 1462 quod
635 1409 744 1448 beati
767 1409 915 1449 vivunt
937 1408 1171 1449 eternaliter
1199 1416 1297 1461 post
1317 1407 1429 1446 diem
1452 1404 1610 1456 iudicii,

287 1477 343 1517 ita
375 1487 552 1532 utraque
585 1479 757 1519 ecclesia
789 1479 917 1519 credit
940 1479 1293 1530 incarnacionem,
1317 1477 1471 1517 scilicet
1493 1475 1611 1529 quod

288 1548 480 1589 Christus
512 1563 589 1603 pro
623 1563 701 1589 suo
743 1559 934 1604 tempore
973 1549 1224 1589 incarnatur.
1264 1549 1318 1588 Et
1355 1547 1411 1587 sic
1451 1559 1608 1600 propo-

286 1618 387 1659 sicio
420 1628 579 1660 nostra:
614 1619 807 1660 Christus
840 1629 900 1660 est
930 1619 1077 1672 homo,
1111 1619 1218 1659 foret
1255 1618 1297 1657 in
1331 1617 1452 1671 signo
1493 1626 1607 1657 utro·
1642 1620 1871 1684 Cflssisfssrwtffitd

229 1709 270 1732 20
286 1688 412 1743 bique
443 1703 551 1743 vera,
584 1704 671 1730 non
695 1690 792 1744 quia
815 1699 915 1731 tunc
939 1699 999 1731 est
1021 1691 1138 1744 quod
1161 1689 1352 1730 Christus
1376 1698 1438 1728 est
1459 1688 1607 1739 homo,
1624 1691 1660 1718 be
1683 1692 1806 1755 ῐηξίῐιῑῃὲτ)
1841 1692 1899 1720 due

286 1760 358 1799 sed
402 1760 502 1815 quia
544 1775 694 1802 verum
739 1770 801 1801 est
845 1762 961 1815 quod
1007 1760 1199 1801 Christus
1252 1768 1314 1800 est
1346 1759 1478 1799 homo
1530 1772 1606 1812 pro

285 1843 362 1870 suo
414 1839 616 1885 tempore.
650 1832 736 1872 Nec
786 1831 909 1871 video
962 1831 1078 1886 quod
1131 1830 1322 1871 Christus
1364 1839 1425 1870 est
1475 1829 1608 1868 homo

193 1909 270 1953 146b
285 1914 362 1953 pro
377 1900 449 1940 illo
464 1910 668 1954 tempore,
705 1914 802 1941 cum
831 1910 931 1941 tunc
970 1900 1325 1954 compossneretur
1355 1914 1402 1940 ex
1431 1913 1608 1953 corpore

287 1979 326 2010 et
357 1970 497 2011 anima
528 1984 659 2026 quam
690 1980 920 2011 assumeret
951 1985 1028 2025 pro
1061 1971 1133 2011 illo
1166 1980 1372 2024 tempore,
1406 1979 1445 2010 et
1474 1969 1606 2023 potis-

230 2052 268 2084 25
287 2041 390 2082 sime
424 2041 530 2082 foret
560 2042 722 2096 primus
755 2043 894 2082 Adam
928 2042 1161 2082 secundum
1197 2040 1415 2081 materiam
1448 2049 1487 2080 et
1519 2054 1606 2080 non

286 2113 521 2152 secundum
554 2112 742 2152 raciones
776 2112 1012 2164 seminales,
1046 2112 1224 2166 qualiter
1256 2111 1475 2165 apostolus
1508 2110 1606 2150 dicit

286 2184 390 2224 Levi
409 2182 558 2237 fuisse
591 2184 632 2223 in
674 2183 828 2223 lumbis
870 2182 1054 2235 Abralze,
1089 2191 1129 2222 et
1161 2181 1339 2236 qualiter
1377 2182 1606 2221 Anselmus

286 2253 406 2293 dicit:
443 2253 600 2294 Omnes
633 2267 711 2294 nos
731 2253 877 2307 fuisse
907 2253 1066 2303 Adam,
1101 2253 1172 2292 sed
1205 2253 1434 2293 limitatum
1466 2261 1526 2292 est
1554 2252 1606 2292 ad

287 2323 555 2364 existenciam
587 2323 850 2364 individuam
881 2323 1155 2364 humanitatis
1190 2323 1358 2364 Christi.

229 2406 272 2438 30
345 2395 398 2434 Et
429 2395 481 2434 ad
503 2394 685 2448 primam
707 2394 956 2435 instanciam
973 2394 1123 2435 dicitur
1145 2395 1261 2448 quod
1285 2407 1371 2434 non
1395 2394 1602 2448 sequitur:

248 2465 381 2511 aHoc
413 2465 646 2506 eternaliter
677 2465 754 2506 fuit
793 2474 831 2505 et
868 2464 948 2505 hoc
987 2474 1047 2505 est
1093 2465 1169 2506 iste
1200 2464 1346 2517 homo,
1386 2479 1484 2518 ergo
1528 2465 1604 2504 iste

286 2535 417 2576 homo
469 2536 702 2576 eternaliter
754 2536 857 2588 fuit,
912 2536 1160 2577 deducendo
1213 2549 1316 2589 pure
1358 2544 1601 2576 creaturam.

335 2682 377 2702 10.
397 2675 424 2700 A
443 2674 474 2702 in
495 2683 610 2711 marg.:
640 2673 827 2711 Responsio.
971 2673 1009 2701 15.
1030 2674 1059 2702 A
1079 2673 1135 2708 Al:
1175 2673 1252 2702 deus
1272 2674 1371 2702 deest.
1504 2673 1540 2702 15.
1563 2675 1604 2702 B:

281 2725 457 2756 resurgunt.

342 2827 394 2860 26.
422 2828 485 2871 Ep.
512 2828 610 2860 Pauli
637 2829 678 2861 ad
706 2828 811 2860 Hebr.
838 2829 910 2870 VII,
938 2827 967 2861 5.
1078 2840 1130 2872 27.
1157 2829 1326 2870 Anselmi,
1352 2829 1402 2860 De
1429 2836 1601 2871 conceptu

283 2885 442 2929 virginali
458 2893 491 2918 et
504 2888 663 2929 originali
680 2894 823 2930 peccato
839 2898 912 2931 cap.
927 2888 980 2919 XI.
999 2888 1107 2931 (Opp.
1124 2888 1177 2919 ed.
1194 2887 1385 2929 Cerberon,
1402 2898 1478 2930 pag.
1511 2888 1599 2929 101.)
