2045 3312
295 258 483 317 CA12.X11.]
812 271 871 303 DE
897 270 1135 302 EccrEsiA.

144 387 499 430 G1e35⁰sanctum7
533 378 631 431 quia
664 378 813 416 decret.
845 376 1011 427 XXIII&
1046 390 1084 429 q.
1110 376 1177 415 IV.
1212 376 1615 417 Nabuchodonosor

293 463 341 487 ex
373 448 618 488 testimonio
652 446 880 499 Augustini
913 455 1080 498 reputat
1113 459 1212 485 eum
1244 455 1451 487 sanctum.

242 530 280 563 Η
353 519 413 557 Ex
459 518 547 557 istis
600 517 811 569 colligitur
862 517 979 569 quod
1031 516 1247 556 concessio
1295 516 1905 595 PsiVilessffisum'sssffiffssssfiiissg'fl

1605 587 1610 593 .
1823 580 1840 594 D

292 588 532 641 principum
577 600 662 626 non
705 586 846 626 minus
892 587 1101 639 dependet
1132 601 1154 625 a
1187 587 1501 640 privilegi-andis
1540 601 1613 641 qui

260 658 392 710 §ipsis
425 656 676 710 participent
708 670 837 710 quam
869 657 919 696 ab
954 656 1052 709 ipsis
1085 656 1357 710 principibus.
1406 658 1524 697 Patet
1566 671 1613 696 ex

290 728 370 768 hoc
415 727 531 781 quod
580 740 666 766 non
712 727 820 766 foret
851 726 930 765 illis
964 726 1245 779 privilegium,
1279 727 1356 766 nisi
1392 728 1614 780 supposita

293 797 520 851 capacitate
566 811 613 837 ex
658 797 742 836 vita
786 796 998 836 meritoria
1030 797 1250 850 participio
1283 797 1374 836 talis
1407 797 1612 850 privilegii

291 867 426 907 forent
478 867 612 921 digni;
667 881 765 906 cum
819 881 917 920 ergo
970 867 1062 906 talis
1108 867 1286 920 dignitas
1335 867 1615 907 essencialiter

291 938 499 990 dependet
543 938 593 976 ab
640 937 719 976 illis
752 937 1063 990 privilegiandis
1097 947 1136 977 et
1168 951 1252 977 non
1288 938 1339 976 ab
1372 937 1452 976 illis
1485 937 1612 990 privi-

237 1007 557 1060 mlegiantibus,
595 1016 709 1060 patet
730 1008 961 1047 conclusio.
999 1008 1158 1047 Ymmo
1193 1022 1291 1047 cum
1325 1008 1611 1061 privilegiacio

289 1078 453 1131 passiva
475 1087 615 1130 potest
637 1077 778 1117 inferri
812 1078 862 1116 ab
895 1078 984 1117 aliis
1008 1092 1136 1131 quarn
1160 1093 1183 1117 a
1205 1079 1311 1118 datis
1335 1078 1611 1131 principibus,

291 1147 397 1199 (non
420 1158 563 1187 autem
586 1157 726 1201 potest
753 1148 887 1187 inesse
922 1148 998 1186 nisi
1032 1148 1131 1187 insit
1164 1163 1211 1188 ex
1245 1148 1446 1201 dignitate
1482 1162 1612 1202 quam

290 1218 574 1271 privilegiatus
619 1217 780 1271 perficit
824 1218 863 1256 in
908 1232 950 1257 se
994 1217 1122 1271 ipso),
1169 1218 1334 1258 videtur
1365 1220 1481 1272 quod
1520 1219 1611 1259 talis

289 1288 453 1341 passiva
486 1288 699 1328 concessio
732 1289 797 1327 vel
831 1288 1115 1342 privilegiacio
1139 1288 1254 1341 prius
1277 1298 1425 1329 natura
1454 1290 1608 1342 depen-

237 1370 272 1401 15
289 1359 358 1398 det
389 1373 412 1397 a
444 1358 755 1412 privilegiandis
804 1373 933 1412 quam
977 1359 1027 1398 ab
1073 1359 1160 1398 istis
1195 1359 1554 1413 privilegiantibus
1589 1376 1610 1399 a

289 1428 443 1481 quibus
489 1429 629 1467 solum
673 1438 868 1468 causatur
900 1443 974 1482 per
1005 1429 1212 1469 accidens.
1247 1430 1479 1469 Concessio
1512 1445 1609 1470 vero

288 1498 419 1536 eciam
464 1499 596 1538 activa
648 1499 939 1549 dominorum,
979 1500 1215 1539 secundum
1259 1500 1474 1539 racionem
1526 1515 1609 1554 qua

288 1567 395 1607 foret
439 1568 505 1608 isti
550 1569 699 1608 clerico
746 1569 1029 1622 privilegium,
1076 1570 1286 1623 dependet
1331 1571 1610 1610 essencialiter

287 1639 337 1677 ab
371 1639 522 1678 eodem
555 1640 718 1690 clerico,
752 1641 850 1693 quia
873 1640 903 1678 si
928 1654 1013 1679 non
1040 1640 1250 1689 meruerit,
1276 1650 1377 1679 tunc
1407 1641 1607 1680 dominus

231 1728 271 1749 20
288 1709 329 1747 in
362 1709 634 1748 concessione
665 1710 850 1763 generali
875 1724 958 1749 non
983 1711 1189 1750 concessit
1211 1711 1478 1764 privilegium
1505 1711 1608 1750 illud

288 1778 378 1829 sibi,
412 1778 507 1818 ideo
543 1779 667 1833 (sicut
700 1779 783 1818 dixi
816 1780 857 1818 in
891 1780 1111 1820 solucione
1145 1781 1326 1833 proximi
1350 1781 1606 1833 argumenti)

286 1849 500 1901 optimum
544 1849 734 1889 medium
782 1851 1055 1889 conservandi
1092 1851 1305 1904 privilegia
1339 1860 1400 1890 est
1446 1860 1490 1890 ut
1523 1851 1605 1903 pri-

286 1919 546 1970 vilegiandus
595 1920 833 1960 conformet
879 1935 921 1959 se
967 1935 1078 1960 sacre
1123 1922 1339 1973 scripture,
1391 1921 1488 1974 quia
1542 1919 1607 1974 (ut

286 1989 437 2028 dicitur
460 1990 632 2029 Matthei
658 1988 734 2044 VO)
760 2004 810 2028 eo
834 1990 926 2042 ipso
960 2004 1046 2043 quo
1080 1991 1219 2043 ipsam
1242 1992 1433 2030 habuerit
1461 1992 1604 2030 adver—

230 2068 268 2098 25
287 2059 442 2098 sarium
486 2060 622 2111 perdit
666 2059 944 2112 privilegium,
979 2061 1076 2113 quia
1116 2061 1245 2100 vitam
1293 2061 1523 2113 propriam,
1565 2061 1605 2100 in

285 2143 366 2181 qua
409 2129 616 2169 vivificata
661 2143 733 2181 per
775 2130 993 2169 Christum
1040 2130 1307 2184 privilegium
1348 2131 1603 2170 fundaretur.

285 2198 544 2238 Conceditur
592 2213 689 2252 ergo
735 2200 851 2252 quod
896 2200 962 2252 pie
997 2209 1036 2239 et
1069 2200 1392 2240 misericorditer
1436 2201 1603 2240 racione

284 2269 482 2322 privilegii
518 2269 760 2322 principum
783 2271 995 2321 agendum
1019 2280 1079 2309 est
1101 2284 1196 2309 cum
1222 2271 1374 2310 talibus
1404 2271 1603 2323 fugitivis,

283 2339 354 2377 sed
377 2341 442 2392 (put
464 2339 546 2378 dixi
570 2339 764 2391 proximo
789 2338 993 2391 capitulo)
1025 2341 1209 2380 cavenda
1244 2350 1303 2380 est
1337 2341 1437 2380 l‘alsa
1470 2341 1602 2393 pietas

228 2418 268 2449 30
285 2417 324 2447 et
346 2408 631 2447 misericordia
654 2408 818 2448 iniusta.
852 2409 984 2460 Ipsam
1009 2418 1151 2448 autem
1175 2410 1355 2449 declarat
1388 2412 1603 2449 decretum

285 2478 361 2517 sub
394 2478 639 2517 auctoritate
662 2478 767 2518 beati
794 2478 1008 2517 Ambrosii
1031 2479 1071 2517 in
1095 2479 1201 2518 libro
1235 2493 1311 2519 suo
1337 2481 1396 2519 De
1421 2479 1601 2529 Officiis,

334 2645 353 2664 1.
376 2637 397 2663 Β
419 2637 448 2664 iu
469 2645 583 2671 marga
613 2636 887 2670 Nabugodonosor
907 2643 953 2665 est
974 2638 1090 2666 beatus.
1200 2639 1224 2667 3.
1246 2640 1274 2667 A
1295 2639 1325 2666 in
1347 2648 1465 2673 marg:
1489 2639 1600 2667 Corre-

280 2683 401 2710 larium.
526 2691 567 2710 22.
585 2683 624 2710 B:
645 2684 845 2711 observandi.
972 2683 1017 2711 30.
1039 2686 1068 2712 A
1088 2685 1117 2712 in
1134 2694 1248 2720 marga
1269 2685 1349 2713 Nota
1365 2691 1470 2713 contra
1489 2686 1597 2713 salsam

283 2729 425 2764 pietatem
457 2734 485 2756 et
512 2729 657 2756 iniustam
697 2729 945 2757 misericordiam
984 2730 1099 2764 (Below
1122 2732 1184 2759 165c
1213 2732 1343 2759 without
1379 2732 1465 2759 mark
1495 2732 1529 2759 ol*
1560 2741 1602 2759 rc-

282 2776 424 2811 sereneo).

346 2906 371 2926 1.
399 2895 497 2927 Decr.
525 2905 593 2927 sec.
620 2906 711 2938 pars,
739 2905 841 2926 causa
867 2896 985 2935 XXIII,
1018 2907 1051 2938 q.
1079 2896 1134 2937 IV,
1162 2907 1179 2928 c
1216 2897 1319 2928 XXII.

1670 595 1810 629 depends
1831 603 1864 622 as

1656 632 1749 656 much
1771 638 1811 657 on
1833 631 1883 657 the

1640 670 1764 699 grantee
1791 673 1823 691 as
1843 665 1894 692 the

1701 704 1835 734 grantes.

1632 2213 1690 2240 We
1718 2220 1799 2240 inust
1823 2214 1875 2241 be-

1643 2256 1723 2275 ware
1745 2248 1780 2275 of
1797 2249 1872 2276 false

1702 2291 1817 2319 morey,
