2045 3312
148 291 227 331 386
875 304 1104 337 JOHANNIS
1131 304 1332 337 wvctff.
1556 291 1660 350 [ew.
1682 303 1763 331 xvr.

433 407 733 461 operacionem
769 411 913 462 quoad
947 410 1035 449 eius
1070 410 1354 449 substanciam
1386 420 1554 464 oportet
1578 411 1758 451 auctori·
1782 422 1909 456 182²Y

433 478 515 517 zari
550 492 571 517 a
605 478 717 531 De03
754 489 793 519 et
827 493 925 519 cum
958 479 1097 519 omnis
1129 480 1223 520 talis
1257 481 1454 533 operacio
1488 495 1574 521 non
1607 490 1668 521 est
1706 481 1762 521 sic

435 549 671 588 secundum
722 550 823 603 quid
879 551 950 590 sed
995 550 1193 604 operacio
1240 550 1497 604 simpliciter,
1547 565 1596 591 eo
1647 551 1762 605 quod

433 619 550 659 aliter
603 620 717 660 nulla
771 630 956 660 creatura
1003 620 1110 661 foret
1155 621 1400 675 simpliciter
1451 621 1598 673 activa,
1658 622 1764 662 sicut

436 688 763 730 Commentator
801 691 944 732 recitat
977 692 1187 745 quosdam
1220 692 1366 742 dicere,
1402 706 1510 746 quos
1544 692 1642 732 dicit
1675 704 1796 736 non5

436 759 585 800 habere
653 761 868 800 cerebrum
927 762 1185 815 dispositum
1243 763 1294 801 ad
1352 762 1763 816 philosophandum,

436 830 625 883 sequitur
658 845 756 872 cum
788 832 893 871 veris
926 833 1045 886 quod
1078 842 1156 873 stat
1189 847 1274 873 esse
1307 833 1573 873 ablacionem
1603 833 1763 886 simpli-

436 901 536 940 citer
569 915 664 942 cum
700 903 779 942 hoc
817 904 934 956 quod
967 916 1053 942 non
1085 918 1108 943 a
1139 917 1251 956 papa
1283 903 1407 943 fuerit
1439 904 1681 958 approbata.
1722 903 1764 943 Si

436 985 536 1025 ergo
570 971 730 1011 ablacio
768 973 829 1011 vel
862 973 941 1012 alia
974 973 1065 1012 talis
1098 972 1252 1013 iniusta
1276 974 1471 1027 operacio
1494 987 1579 1014 non
1605 975 1762 1027 depen-

437 1042 506 1081 det
552 1056 600 1081 ex
644 1043 960 1095 approbacione
1006 1043 1145 1083 divina
1193 1045 1337 1098 quoad
1381 1058 1522 1084 mores
1566 1044 1669 1098 quin
1712 1044 1822 1088 sit10

439 1111 683 1165 simpliciter
728 1113 890 1152 ablacio
925 1123 963 1153 et
995 1114 1165 1154 alterius
1210 1114 1374 1167 generis
1407 1115 1620 1168 operacio‚
1655 1128 1762 1168 quo-

437 1183 571 1221 modo
606 1183 923 1236 blasphematur
955 1185 1071 1238 quod
1105 1185 1219 1224 nulla
1249 1194 1309 1224 est
1332 1185 1493 1225 ablacio
1521 1185 1766 1239 simpliciter

437 1253 514 1291 nisi
538 1268 647 1306 papa
670 1251 919 1294 decreverit?
955 1255 1021 1294 Sic
1047 1255 1159 1294 enim
1184 1255 1454 1295 extolleretur
1483 1269 1608 1309 super
1637 1269 1765 1295 omne

437 1324 555 1376 quod
589 1323 740 1363 dicitur
771 1325 895 1364 Deus.

168 1409 204 1428 or
224 1402 288 1429 that
308 1409 400 1437 every
496 1395 582 1433 Nec
628 1394 768 1434 minus
814 1395 1112 1448 blasphemum
1145 1405 1205 1435 est
1237 1396 1372 1436 dicere
1405 1396 1522 1450 quod
1556 1395 1670 1435 nulla
1704 1404 1808 1439 estz

155 1436 415 1506 diffivffirtii¹2tglifts
438 1464 544 1503 iusta
593 1465 766 1516 ablacio,
813 1465 989 1505 collacio
1034 1467 1099 1505 vel
1131 1466 1209 1505 alia
1244 1466 1442 1519 operacio
1475 1466 1645 1506 ecclesie
1685 1465 1763 1504 nisi

146 1506 720 1574 neefssirilgiigiipesauctorizetur
763 1536 813 1575 ab
859 1536 965 1588 ipso,
1011 1536 1109 1590 quia
1153 1545 1381 1590 antequam
1434 1536 1521 1589 ipse
1573 1535 1764 1575 habuerit

437 1605 667 1657 primatum
700 1605 961 1657 huiusmodi,
988 1615 1102 1646 erant
1135 1607 1267 1646 multe
1292 1606 1565 1660 operaciones
1594 1605 1763 1645 ecclesie

437 1676 533 1714 satis
586 1676 705 1727 iuste,
759 1676 866 1716 sicut
918 1677 1116 1730 operacio
1170 1690 1244 1716 sua
1296 1686 1357 1716 est
1409 1677 1518 1716 iusta
1563 1690 1611 1716 ex
1658 1689 1762 1729 pura

437 1746 732 1799 acceptacione
777 1746 929 1786 divina.
963 1747 1123 1786 Ymmo
1159 1761 1235 1801 pro
1272 1755 1462 1800 ternpore
1493 1746 1642 1786 mortis
1675 1759 1761 1797 sue,
1780 1766 1822 1788 20

436 1815 541 1855 sicut
586 1825 625 1855 et
669 1817 760 1869 ipso
805 1816 1026 1869 superstite
1064 1817 1286 1869 ignorante
1334 1827 1432 1857 sunt
1477 1816 1609 1856 multe
1649 1817 1762 1855 abla-

437 1885 596 1933 ciones‚
643 1886 895 1926 collaciones
941 1897 980 1927 et
1025 1887 1300 1940 operaciones
1333 1887 1625 1927 elemosinarie
1665 1886 1762 1926 satis

438 1957 556 2007 iuste,
592 1957 698 1997 sicut
730 1966 843 2010 patet
876 1958 925 1996 de
960 1957 1182 1997 dotacione
1219 1957 1388 1997 ecclesie
1413 1958 1660 2011 Anglicane,
1685 1970 1766 2009 que

438 2040 525 2065 non
559 2027 769 2066 emanavit
802 2041 849 2066 ex
883 2027 970 2067 eius
1004 2028 1264 2079 auctoritate,
1295 2028 1401 2067 sicut
1434 2041 1508 2067 nec
1545 2026 1765 2080 percepcio

438 2097 667 2137 elemosine
714 2111 875 2137 cesaree
920 2098 984 2136 vel
1033 2098 1263 2137 elemosina
1307 2097 1458 2151 Anglie
1507 2097 1631 2137 cesari
1678 2109 1766 2136 non
1784 2107 1822 2139 25

438 2169 635 2208 subiecte.
659 2168 792 2207 Aliter
815 2168 929 2208 enim
961 2182 1047 2208 non
1083 2167 1232 2208 faceret
1255 2167 1460 2220 Anglicus
1492 2167 1767 2207 elemosinam

439 2240 548 2278 clero
601 2252 678 2278 suo
732 2239 808 2278 nisi
862 2248 1031 2279 ostensa
1083 2239 1134 2278 ad
1190 2239 1272 2278 hoc
1324 2238 1571 2278 auctoritate
1629 2236 1767 2290 papali

438 2308 790 2360 singularissima3
820 2310 937 2362 quod
970 2323 1057 2348 non
1091 2318 1152 2348 est
1184 2308 1446 2362 fingendum,
1480 2322 1577 2347 cum
1599 2316 1767 2360 tempus

439 2388 478 2418 et
523 2378 683 2418 infinite
728 2379 805 2418 alie
850 2379 1165 2419 circumstancie
1217 2378 1421 2418 variarent
1471 2377 1766 2431 operacionem

440 2449 805 2490 elemosinessEt
849 2450 905 2489 sic
952 2464 1052 2489 cum
1098 2449 1379 2489 auctorizacio
1427 2447 1630 2501 generalis
1679 2454 1864 2489 non182d

440 2518 606 2571 sufficit,
646 2519 913 2559 frustraretur
951 2533 998 2559 ex
1033 2519 1198 2559 defectu
1231 2518 1490 2559 auctoritatis
1524 2516 1684 2571 papalis
1726 2526 1766 2556 et

440 2589 681 2642 ignorancia
719 2590 1000 2630 revocacionis
1038 2589 1210 2629 licencie
1245 2589 1394 2643 prioris
1428 2588 1566 2628 omnis
1606 2587 1763 2627 elemo-

441 2660 531 2700 sina
563 2659 749 2700 facienda
784 2660 938 2713 egenis,

500 2731 559 2769 Ex
606 2730 692 2769 istis
738 2731 911 2770 demum
965 2729 1176 2783 colligitur
1221 2729 1336 2783 quod
1388 2726 1538 2768 ficticia
1589 2725 1767 2766 subdola

441 2800 726 2840 recentissima
772 2814 855 2854 qua
900 2800 1034 2840 maior
1079 2813 1173 2854 pars
1218 2808 1461 2839 nostrorum
1500 2798 1766 2837 sacerdotum
1783 2806 1822 2839 35

496 2913 531 2941 15.
563 2915 590 2941 A
613 2914 634 2941 Β
656 2914 686 2941 in
717 2921 833 2949 marg:
866 2913 982 2948 Quinta
1012 2913 1110 2941 ficcio.
1263 2921 1302 2949 ¹7·
1333 2911 1371 2941 B:
1402 2912 1468 2948 ipse
1487 2927 1520 2931 —
1541 2910 1686 2947 operacio
1710 2917 1765 2937 sua

442 2961 538 2987 deest.
680 2960 726 2994 34.
747 2961 776 2988 A
796 2960 825 2987 in
848 2968 964 2995 marg:
986 2960 1076 2988 Nota.
1107 2961 1134 2987 A
1157 2959 1177 2986 B
1199 2959 1229 2987 in
1251 2967 1367 2994 marg:
1389 2958 1481 2987 Sexta
1501 2958 1599 2986 [iccio.
