2045 3312
289 261 378 290 CAP.
414 249 497 308 xx]
783 262 843 293 DE
871 258 1106 293 ECCLESIA.
1816 259 1898 299 479

137 380 168 413 F
192 383 269 423 ¹94⁰
290 378 329 408 et
366 369 455 408 aliis
500 367 624 407 maris
669 366 862 420 periculis
908 366 1216 417 submergatur.
1262 363 1537 403 Mercimonia
1571 372 1610 402 et

290 439 436 478 divicie
467 438 592 477 huius
632 436 747 476 navis
793 444 890 475 sunt
938 435 1082 474 onmia
1126 447 1276 488 genera
1321 433 1524 473 virtutum
1572 442 1611 472 et

289 510 436 549 merita
467 508 622 562 quibus
655 507 766 546 bona
799 505 930 559 patrie
971 513 1291 557 comparantur,
1337 503 1394 542 sic
1428 503 1612 556 pascitur

289 579 429 619 anima
459 578 605 618 viatrix
638 591 711 630 per
744 575 948 616 effluxum
972 575 1256 628 longinquum
1279 588 1302 613 a
1324 573 1611 626 triumphante

256 661 270 693 5
290 649 473 699 ecclesia,
506 648 578 687 sed
610 647 750 687 anima
773 647 989 700 purganda
1013 645 1158 698 recipit
1180 659 1335 698 panem
1365 644 1415 683 ab
1440 643 1610 682 ecclesia

288 719 504 759 militante.
529 718 705 766 Divicie,
730 717 867 770 inquit
883 716 1161 770 Augustinus,
1185 715 1395 768 inquibus
1413 715 1612 766 pascitur

288 796 327 829 et
359 796 576 829 mercatur
607 789 784 828 ecclesia
817 794 918 827 sunt
952 786 1156 840 largiflue
1189 785 1337 825 laudes
1370 785 1526 837 sponsi,
1562 784 1612 823 de

289 859 441 912 quibus
472 859 642 898 Psalmo
676 857 824 897 CXIJ0
853 857 1030 897 dicitur:
1061 858 1094 895 A
1127 856 1230 895 solis
1263 862 1360 895 ortu
1395 868 1529 908 usque
1557 855 1613 894 ad

287 942 484 969 occasum
520 928 735 968 laudabile
767 941 917 967 nomen
942 927 1112 967 domini.
1145 928 1243 966 Non
1278 926 1390 965 enim
1429 926 1613 979 pascitur

234 1021 271 1042 ιο
289 1013 365 1038 nec
388 999 620 1039 solicitatur
643 998 886 1038 membrum
910 997 1080 1037 ecclesie
1104 996 1181 1035 nisi
1214 996 1255 1035 in
1280 996 1402 1036 laude
1435 995 1609 1034 domini.

186 1080 222 1113 G·
246 1081 274 1113 4
349 1070 431 1110 Sed
470 1069 567 1123 quia
600 1082 676 1108 nec
709 1068 825 1108 navis
859 1067 967 1107 dicta
1000 1081 1075 1106 nec
1109 1067 1170 1106 sui
1207 1067 1341 1105 incole
1375 1066 1528 1105 debent
1560 1067 1611 1104 ab
1689 1083 1786 1111 Vel-se
1807 1085 1844 1112 15.

290 1140 488 1192 operibus
521 1139 662 1192 ociari,
686 1139 780 1178 ideo
803 1148 954 1192 quarto
977 1137 1248 1190 subiungitur
1272 1137 1396 1176 huius
1419 1145 1611 1176 matrone
1625 1118 1899 1191 Ηῑῖἐζθῃὲιῖἷῖἷξὲῖυ·

287 1209 461 1262 provida
483 1209 712 1263 prudencia
736 1209 964 1262 operando.
989 1209 1055 1248 De
1079 1214 1209 1256 nocte,
1243 1207 1392 1261 inquit,
1420 1207 1614 1246 surrexit
1654 1189 1877 1261 ῧξῶοῃὲἷῗᾞξὲ

286 1279 478 1333 deditque
518 1281 705 1333 predam
753 1279 994 1319 domesticis
1037 1280 1128 1318 suis
1160 1285 1199 1318 et
1230 1278 1394 1317 cibaria
1439 1262 1900 1335 a11cillispi¹3¹ffi¹gfivss¹¹ssssifle

235 1351 391 1394 15suis.
439 1351 531 1389 Nox
565 1351 801 1390 secundum
847 1350 1137 1403 Augustinum
1192 1357 1253 1389 est
1305 1357 1472 1401 tempus
1525 1361 1610 1401 quo
1655 1333 1712 1359 law
1735 1333 1870 1359 ΝΟΜ·

286 1428 466 1459 tortores
500 1420 671 1474 dyaboli
700 1429 1012 1473 persequuntur
1044 1419 1317 1470 christicolas,
1351 1418 1392 1457 in
1427 1432 1510 1472 qua
1547 1418 1609 1456 in-

286 1491 420 1530 voluti
460 1499 732 1544 peccatorum
772 1491 953 1530 tenebris
993 1490 1188 1529 videntur
1220 1503 1369 1529 nocere
1403 1488 1609 1538 fidelibus,

287 1561 359 1599 sed
399 1560 456 1600 eis
496 1560 763 1614 surgentibus
796 1561 847 1599 ad
880 1560 1011 1599 vitam
1043 1561 1138 1613 plus
1172 1573 1417 1613 prosperam
1459 1567 1614 1598 nocent

195 1641 271 1686 ,φρ
287 1630 449 1670 realiter
482 1630 557 1670 sibi
592 1631 703 1684 ipsis.
727 1628 753 1657 ἧς
776 1631 899 1671 Unde
931 1630 1029 1684 quia
1062 1630 1103 1669 in
1136 1630 1289 1670 talibus
1322 1629 1611 1669 tribulacioni-

228 1724 269 1745 20
287 1701 364 1741 bus
411 1701 558 1741 claruit
603 1710 641 1740 et
686 1701 863 1754 profecit
908 1701 1093 1752 ecclesia,
1142 1701 1249 1740 sicut
1281 1714 1461 1753 granum
1495 1700 1611 1739 tritu-

289 1771 455 1811 racione
480 1781 720 1825 separatum
753 1786 774 1810 a
807 1772 939 1824 palea,
965 1772 1059 1811 ideo
1085 1771 1296 1824 signanter
1318 1771 1418 1810 dicit
1446 1771 1612 1823 sapiens

287 1842 402 1894 quod
436 1841 485 1882 de
520 1849 638 1882 nocte
670 1843 877 1882 surrexit.
901 1842 1181 1894 Aporiamzcr,
1211 1841 1347 1895 inquit
1379 1841 1612 1893 apostolus,

288 1918 327 1950 et
342 1925 422 1951 non
440 1911 691 1965 defecimus,
716 1913 768 1951 IIa
789 1911 980 1952 Corinth.
1006 1912 1097 1965 IV0,
1115 1911 1137 1950 8
1163 1921 1201 1951 et
1223 1911 1346 1951 Ysaie
1368 1911 1541 1961 XXVI0‚
1567 1920 1611 1963 o:

287 1982 441 2021 Anima
467 1996 559 2022 mea
584 1982 841 2022 desideravit
872 1989 909 2021 te
931 1982 972 2021 in
998 1988 1129 2030 nocte,
1154 1990 1193 2021 et
1206 1981 1283 2021 Job
1298 1981 1509 2032 XXXVIO,
1540 1991 1611 2020 20:

231 2064 270 2096 25
291 2050 358 2091 Ne
404 2053 641 2105 protrahas
695 2060 856 2092 noctem
903 2059 948 2091 ut
991 2052 1228 2092 ascendant
1271 2052 1440 2105 populi.
1489 2051 1613 2091 Dedit

287 2132 430 2162 autem
470 2123 641 2175 predam
682 2122 923 2163 domesticis
957 2123 1056 2173 suis,
1091 2123 1263 2176 quando
1296 2122 1393 2161 viris
1434 2135 1611 2176 evange-

287 2192 374 2232 licis
419 2192 661 2233 domesticis
701 2192 797 2232 fidei
836 2193 951 2232 dedit
983 2207 1031 2233 ex
1063 2193 1102 2231 vi
1136 2192 1454 2232 communionis
1494 2206 1610 2232 sanc-

287 2271 432 2303 torum
491 2263 704 2317 populum
763 2277 1015 2304 conversum
1075 2264 1127 2302 ad
1190 2263 1420 2315 Christum,
1484 2277 1612 2317 quem

289 2333 494 2386 dyabolus
528 2343 623 2374 ante
658 2333 894 2387 captivavit,
921 2343 960 2374 et
989 2333 1102 2373 dedit
1135 2333 1287 2374 cibaria
1320 2333 1479 2374 ancillis
1512 2333 1611 2379 suis,

230 2414 272 2447 30
289 2404 460 2456 quando
500 2403 732 2444 christianis
771 2403 1039 2443 inferioribus
1079 2404 1356 2444 esurientibus
1390 2413 1430 2444 et
1461 2403 1609 2443 sicien-

288 2473 399 2513 tibus
438 2473 644 2514 iusticiam
685 2474 799 2514 dedit
839 2484 1009 2527 pastum
1053 2474 1155 2527 legis
1190 2474 1352 2513 domini
1389 2483 1427 2514 et
1460 2484 1611 2527 potum

290 2543 331 2582 in
371 2544 688 2596 complemento
727 2544 888 2584 iusticie
928 2545 1174 2585 delectandi.
1215 2545 1270 2585 Et
1301 2545 1357 2584 sic
1391 2545 1442 2584 de
1480 2554 1612 2584 matre

291 2623 432 2654 nostra
463 2614 672 2655 verificata
696 2624 756 2655 est
779 2615 969 2655 doctrina
1002 2623 1194 2655 matrone
1217 2618 1353 2664 Anne,
1379 2614 1514 2653 Tobie
1537 2615 1611 2663 X0,

340 2761 369 2790 6.
395 2763 476 2798 Aug.
499 2763 627 2791 mutatis
649 2764 759 2792 verbis.
905 2762 932 2791 8.
953 2762 988 2791 In
1009 2764 1118 2791 codd.e
1139 2762 1261 2792 CXXII.

348 2903 398 2924 22.
429 2893 481 2925 23.
509 2894 749 2937 “Aporiarnur
775 2895 837 2926 sed
865 2905 935 2927 non
963 2894 1220 2928 destituimur.”
1249 2896 1408 2937 Vulgate.
