2045 3312
135 289 219 341 446
868 298 1094 330 JOHANNIS
1121 297 1315 330 wvcrir.
1543 283 1649 342 [CAP.
1670 295 1753 327 x1x.

153 423 240 443 some
261 415 387 443 eternal.
428 403 491 443 vie
545 402 754 443 officiariis
807 403 953 457 sponsi
1006 412 1258 456 competere.
1326 403 1408 443 Sed
1462 402 1753 443 sacerdocium
1773 413 1904 458 190121)

425 473 591 514 videtur
623 487 711 513 esse
745 483 951 525 eternum,
984 487 1083 513 cum
1104 473 1213 513 beati
1248 473 1349 513 dant
1381 482 1420 512 et
1453 473 1607 513 docent
1639 486 1754 512 sacra

425 543 709 584 illuminando
743 558 841 584 suos
875 543 1014 584 socios
1036 544 1079 583 in
1103 553 1310 594 eternum,
1334 552 1374 583 et
1402 543 1454 582 ad
1476 543 1581 582 illud
1614 551 1754 596 potest

426 614 627 668 applicari
659 614 762 653 illud
807 618 943 667 Apoc.
989 614 1039 666 10,
1086 614 1130 654 6:
1179 613 1338 654 Fecisti
1370 626 1446 653 nos
1479 613 1572 653 Deo
1607 619 1753 652 nostro

426 698 611 738 regnum
657 691 697 724 et
737 684 1004 735 sacerdotes;
1037 693 1076 724 et
1123 684 1179 724 sic
1212 683 1485 737 predestinati
1525 682 1596 737 qui
1631 682 1786 736 digne5

426 764 601 808 presunt
634 754 828 795 subiectis
865 754 1062 794 videntur
1094 754 1197 793 mihi
1233 767 1319 793 esse
1343 753 1400 793 eis
1424 753 1466 792 in
1497 752 1755 793 beatitudine

427 824 677 878 preferendi,
724 834 763 864 et
807 824 863 864 sic
900 824 943 863 in
977 824 1117 864 celesti
1149 824 1351 864 ierarchia
1383 823 1440 863 eis
1473 823 1515 862 in
1549 832 1754 876 perpetuo

428 895 668 934 sacerdocio
715 903 813 934 sunt
857 895 1018 948 prelati,
1064 904 1111 935 ut
1156 894 1296 934 innuit
1335 895 1478 934 beatus
1513 893 1754 947 Gregorius,

428 964 594 1005 Omelia
646 965 782 1004 XVIIa
843 978 969 1018 super
1020 964 1093 1004 illo
1146 965 1260 1004 Luce
1311 965 1384 1015 XO,
1447 975 1483 1004 1:
1539 965 1639 1003 Post
1681 965 1802 1008 lzecE

427 1035 667 1089 designavit
698 1034 894 1075 dominus
927 1036 1035 1075 alios
1067 1036 1356 1089 septuaginta,
1391 1044 1430 1074 et
1464 1034 1754 1074 Crisostornus
1775 1057 1813 1078 10

428 1105 676 1159 expressius,
755 1104 922 1145 Omelia
991 1106 1186 1146 XXXIVa
1259 1105 1410 1158 Operis
1493 1103 1755 1157 Imperfecti:

428 1176 601 1224 Melior,
651 1175 802 1229 inquit,
846 1183 909 1215 est
948 1176 1082 1215 laicus
1122 1176 1194 1228 qui
1232 1176 1273 1214 in
1311 1176 1458 1228 prima
1490 1175 1615 1228 facie
1651 1187 1754 1227 pro-

427 1246 572 1291 fitetur
597 1246 724 1286 vitain
756 1247 996 1286 secularem
1030 1245 1107 1286 sed
1132 1245 1273 1285 studet
1304 1246 1589 1299 spiritualem,
1627 1258 1755 1298 quani

427 1316 630 1356 sacerdos
655 1316 864 1370 profitens
898 1317 1026 1356 vitain
1066 1316 1336 1369 spiritualem
1377 1315 1453 1355 sed
1484 1315 1758 1368 amplectitur

428 1387 555 1426 vitain
574 1387 812 1436 carnalem,
829 1393 868 1426 et
890 1387 1042 1426 melior
1056 1393 1118 1426 est
1134 1387 1269 1426 laicus
1286 1393 1384 1425 ante
1400 1386 1541 1425 Deunz
1560 1386 1755 1438 peniten-
1777 1397 1813 1430 15

428 1458 536 1496 ciani
552 1471 686 1511 agens
707 1470 834 1510 quain
852 1457 1032 1496 clericus
1048 1469 1311 1509 permanens
1327 1456 1581 1509 inpeccatis.
1599 1456 1756 1495 Laicus

430 1528 539 1567 enini
573 1527 613 1566 in
648 1527 712 1566 die
745 1527 887 1566 iudicii
919 1528 1075 1566 stolam
1109 1526 1418 1566 sacerdotalem
1443 1526 1630 1579 accipiet,
1656 1525 1756 1565 dunz

432 1599 563 1638 eciam
611 1598 811 1637 crismate
843 1611 987 1637 omnes
1026 1597 1088 1637 sic
1121 1604 1372 1651 unguentur
1410 1597 1451 1636 in
1489 1595 1759 1644 sacerdocio,·

431 1668 631 1708 sacerdos
664 1675 806 1707 autem
832 1674 1035 1721 peccator
1055 1667 1270 1721 spoliatur
1290 1666 1524 1707 sacerdocii
1551 1666 1759 1720 dignitate

433 1752 560 1791 quain
595 1738 763 1788 lzabuit;
801 1748 840 1778 et
871 1747 971 1778 tunc
1005 1737 1080 1777 erit
1113 1739 1219 1777 inter
1250 1737 1437 1776 infideles
1471 1746 1511 1777 et
1548 1735 1757 1790 ypocritas
1775 1757 1817 1778 20

140 1828 189 1868 Αῃ
215 1827 266 1855 the
295 1816 500 1867 bJessedQUt
538 1809 637 1848 dicit
667 1808 817 1848 veritas
850 1808 1025 1848 Matthei
1068 1808 1239 1859 XXIVO,
1288 1805 1374 1861 51).
1421 1806 1582 1846 Omnes
1627 1805 1759 1845 eciam

142 1863 416 1938 xvssarbggizgffls,
436 1879 543 1918 beati
579 1888 700 1919 erunt
730 1878 911 1932 virgines
942 1877 1211 1932 spiritualiter
1244 1877 1309 1930 (ut
1342 1886 1456 1930 patet
1480 1875 1759 1930 Apocalypsis

218 1938 341 1970 pnests.
432 1950 562 1999 XIVO,
594 1947 654 2003 4).
700 1950 754 1989 Et
787 1963 936 1989 omnes
981 1957 1103 1988 erunt
1135 1957 1339 2001 martyres
1371 1947 1502 1986 modo
1536 1960 1627 1998 suo,
1661 1959 1759 1985 cum

433 2021 546 2059 Luce
569 2020 699 2071 XIVO,
726 2033 792 2074 27,
823 2019 999 2059 dicitur:
1028 2019 1112 2067 Qui
1135 2032 1216 2058 non
1241 2018 1405 2057 baiulat
1431 2029 1599 2056 crucem
1632 2029 1757 2055 suain

433 2097 471 2129 et
514 2091 626 2129 venit
660 2097 762 2142 post
800 2104 878 2141 nze,
929 2102 1010 2128 non
1049 2096 1190 2142 potest
1230 2102 1347 2128 meus
1381 2101 1473 2127 esse
1509 2087 1814 2139 discipulus.25

434 2160 596 2199 Omnes
621 2157 834 2214 (inquam)
853 2168 975 2199 erunt
998 2159 1232 2198 sacerdotes
1256 2158 1296 2196 in
1322 2157 1468 2211 patria,
1491 2157 1588 2210 quia
1612 2157 1757 2196 dantes

433 2243 547 2269 sacra
579 2229 849 2269 beatitudinis
882 2228 1155 2268 accidentalia
1187 2227 1414 2268 conbeatiS.
1447 2227 1499 2266 Et
1532 2226 1629 2265 hinc
1651 2226 1758 2266 Abel

433 2314 454 2338 a
488 2313 573 2353 quo
597 2299 707 2352 cepit
730 2299 916 2339 humana
945 2298 1117 2339 ecclesia
1140 2298 1181 2337 in
1205 2297 1439 2350 triumpho,
1464 2296 1541 2336 fuit
1564 2309 1757 2350 expresse

432 2370 564 2422 virgo,
599 2370 743 2410 martir
774 2379 813 2410 et
852 2371 1060 2422 sacerdos,
1093 2379 1140 2410 ut
1172 2378 1290 2409 notat
1322 2367 1588 2422 Augustinus
1620 2367 1662 2406 in
1696 2367 1757 2406 De

490 2586 511 2606 1.
533 2578 572 2606 13:
595 2578 810 2606 sacerdocium
833 2583 981 2606 vestrum.
1127 2587 1156 2611 4.
1177 2578 1205 2605 A
1227 2577 1258 2604 in
1275 2584 1392 2612 marg:
1413 2575 1554 2610 Quilibet
1574 2580 1755 2602 sanctorum

436 2625 464 2652 in
487 2626 586 2660 patria
607 2626 663 2653 erit
682 2625 840 2653 sacerdos.
984 2627 1009 2651 8.
1037 2625 1066 2652 A
1087 2625 1117 2651 in
1139 2632 1255 2659 marga
1283 2623 1468 2657 Gregorius.
1612 2630 1657 2649 io.
1679 2623 1706 2649 A
1727 2621 1756 2649 in

436 2679 554 2705 marg-2
586 2670 814 2700 Crisostomus.
960 2679 998 2699 12.
1018 2670 1059 2697 B:
1084 2671 1180 2698 laicis.
1326 2669 1363 2697 13.
1392 2670 1421 2697 A
1441 2669 1472 2696 in
1493 2676 1612 2703 marg:
1636 2668 1757 2703 Laycus

436 2719 545 2746 melior
565 2727 659 2755 quarn
681 2719 838 2747 sacerdos.
984 2726 1030 2752 29.
1052 2718 1080 2745 A
1101 2717 1131 2745 in
1154 2725 1269 2752 marg.:
1296 2716 1505 2752 Augustinus.

502 2884 549 2905 ιι.
577 2874 676 2916 Opus
704 2873 950 2916 Imperfectum
980 2874 1000 2905 l.
1027 2883 1055 2905 e.
1083 2882 1161 2916 pag.
1190 2872 1325 2905 CXLV.
1477 2880 1530 2913 29.
1559 2871 1646 2911 Aug.
1666 2868 1758 2911 Opp.

438 2941 522 2964 tom.
550 2933 604 2972 Ill,
633 2934 721 2974 App.
748 2941 825 2974 pag.
854 2932 883 2964 5.
