2045 3312
306 287 395 316 CAP.
413 276 542 335 xviii]
821 289 881 321 DE
908 288 1142 321 ECCLESIA.
1827 288 1909 327 427

149 406 187 439 K
211 404 289 449 187³
304 396 517 449 discipulis
569 394 761 435 Scarioth
812 395 863 433 ad
913 394 994 433 hoc
1046 392 1397 446 promoventibus
1450 402 1623 446 propter

305 466 595 505 defensionem
626 464 809 505 veritatis
839 464 1089 518 evangelice,
1114 477 1213 502 cum
1236 462 1429 502 Christus
1452 472 1623 516 propter

301 536 643 590 persecucionem
672 534 887 575 humiliter
918 534 974 574 ita
1006 533 1115 573 tulit.
1140 534 1192 572 Et
1216 533 1380 572 utinam
1402 532 1622 586 pontifices

302 607 462 660 templi,
508 606 639 646 scribe
685 614 724 645 et
766 604 947 658 pharisei
992 617 1077 643 non
1124 603 1325 642 haberent
1355 602 1482 642 hodie
1525 617 1623 642 cum

267 676 490 718 5Scarioth
522 676 565 715 in
599 674 771 715 ecclesia
804 674 1034 727 discipulos
1066 673 1291 714 imitantes.
1322 673 1363 713 Si
1389 672 1502 712 enim
1525 682 1623 712 sunt

300 747 426 786 hodie
479 745 684 786 seculares
737 745 972 784 sacerdotes
1025 753 1245 796 tamquam
1297 742 1517 795 pontifices
1583 752 1622 782 et

301 816 481 870 religiosi
515 814 813 868 possessionati
846 824 1066 867 tamquam
1089 812 1269 866 pharisei
1293 812 1364 866 qui
1388 812 1623 852 secundum

302 887 596 940 apparenciam
626 885 838 938 religionis
870 899 893 924 a
925 884 1092 937 populo
1126 892 1223 923 sunt
1254 882 1373 922 divisi
1418 891 1457 922 et
1495 882 1622 922 tercio

302 958 494 997 doctores
526 955 766 996 tradicionis
799 955 984 995 humane
1007 964 1226 1008 tamquam
1250 954 1380 993 scribe
1402 966 1449 992 ac
1472 961 1623 1006 quarto

248 1044 287 1066 ιο
302 1026 545 1080 profitentes
579 1025 862 1079 evangelicam
895 1033 1186 1078 paupertatem
1217 1037 1312 1064 cum
1338 1023 1527 1064 Scarioth
1551 1023 1622 1076 qui

302 1110 450 1137 omnes
482 1097 666 1137 nitantur
698 1096 946 1150 impugnare
976 1095 1259 1147 evangelicam
1281 1094 1512 1144 veritatem,
1537 1107 1623 1132 non

302 1166 459 1206 mirum
507 1167 539 1207 si
584 1166 627 1206 in
670 1166 748 1206 ista
800 1165 1003 1219 quadriga
1051 1165 1205 1204 diaboli
1251 1164 1405 1205 Christi
1452 1163 1625 1203 ecclesia

302 1238 580 1290 perturbatur.
616 1237 795 1290 Signum
823 1245 966 1275 autem
989 1235 1266 1288 perversionis
1289 1247 1467 1288 persone
1490 1234 1623 1287 prime

303 1307 429 1360 partis
462 1306 733 1360 proprietarie
768 1306 887 1357 foret,
921 1305 953 1344 si
987 1306 1081 1358 plus
1115 1304 1268 1345 fureret
1300 1314 1473 1358 propter
1504 1304 1623 1343 aucli-

251 1377 472 1417 15cionem
496 1376 724 1416 ablacionis
754 1390 927 1416 suorum
958 1375 1259 1429 temporalium
1293 1389 1422 1428 quam
1453 1383 1626 1428 propter

305 1457 686 1500 quantumcunque
718 1460 889 1499 gravem
921 1446 1087 1500 lapsum
1122 1446 1290 1485 ecclesie
1314 1445 1355 1484 in
1379 1453 1624 1498 peccatum3

305 1527 403 1557 tunc
438 1517 549 1557 enim
583 1518 677 1571 plus
711 1516 946 1556 afficeretur
977 1516 1285 1570 temporalibus
1314 1529 1445 1569 quam
1473 1514 1625 1554 honori

307 1587 380 1627 Dei
413 1588 477 1627 vel
509 1587 675 1627 utilitati
709 1587 879 1627 ecclesie
910 1587 1023 1626 verbi
1056 1586 1203 1640 gracia.
1245 1586 1286 1626 Si
1320 1587 1452 1626 clerus
1477 1585 1626 1638 Anglie
1643 1595 1775 1624 Avarice
1808 1595 1914 1624 makes

1689 1639 1746 1658 our
1766 1631 1869 1666 clergv

304 1657 437 1711 magis
479 1657 598 1697 timet
641 1657 912 1697 amissionem
959 1656 1194 1696 dotacionis
1227 1656 1336 1710 regie
1369 1670 1498 1709 quarn
1530 1670 1625 1709 pec-
1642 1663 1915 1729 oqrzfflddgnffnffigtss

248 1743 290 1764 20
307 1737 447 1767 catum
491 1727 607 1779 regni
645 1727 884 1767 invadendo
932 1740 1112 1779 regnum
1157 1726 1342 1777 Francie,
1376 1740 1462 1765 non
1504 1726 1627 1765 video
1655 1737 1906 1775 mprerhantnc

307 1797 408 1850 quin
447 1797 687 1850 philargiria
720 1797 771 1836 sit
814 1798 1030 1847 seductus;
1079 1806 1305 1849 utrumque
1339 1810 1490 1848 nempe
1524 1796 1626 1835 isto·
1666 1774 1891 1834 xsxiirihoirffariiezs.

305 1880 400 1906 rum
422 1876 562 1920 potest
586 1867 689 1906 bene
712 1865 813 1919 fieri,
843 1867 913 1905 sed
937 1866 1107 1905 indubie
1142 1865 1325 1919 primum
1361 1876 1421 1905 est
1453 1866 1625 1919 propin-

306 1937 429 1990 quius
474 1936 667 1989 potestati
703 1945 741 1976 et
776 1936 957 1975 facilitati
1003 1936 1201 1987 humane,
1234 1945 1279 1975 ut
1323 1936 1480 1989 absque
1519 1936 1626 1988 peri-

306 2007 402 2046 culo
445 2006 583 2045 anime
632 2006 701 2045 fiat
753 2006 870 2046 iuste.
924 2006 1030 2054 Quis
1065 2005 1276 2059 (inquam)
1311 2005 1473 2045 dubitat
1525 2005 1627 2059 quin

251 2081 288 2112 25
308 2076 467 2116 facilius
501 2076 606 2116 foret
639 2091 778 2129 regem
803 2086 841 2115 et
866 2090 1043 2128 regnum
1068 2089 1225 2128 ponere
1249 2076 1408 2115 clerum
1432 2084 1626 2115 nostrum

306 2146 347 2184 in
392 2155 501 2186 statu
547 2147 739 2199 primevo
775 2146 845 2199 qui
881 2146 986 2185 foret
1018 2146 1098 2185 isto
1132 2154 1241 2185 statu
1275 2145 1505 2198 perfeccior
1542 2159 1625 2185 ser-

306 2217 445 2255 vando
498 2216 686 2269 undique
739 2216 953 2256 caritatem
1007 2225 1045 2255 et
1098 2217 1341 2255 evacuando
1404 2230 1624 2269 pompam,

305 2300 523 2325 rancorem
562 2300 607 2326 ac
639 2286 858 2325 avariciam
904 2301 1033 2340 quam
1066 2286 1294 2325 exercitum
1326 2286 1477 2339 Anglie
1509 2286 1624 2325 inva-

306 2357 445 2395 dendo
494 2356 727 2407 Franciam‚
773 2365 943 2409 propter
987 2356 1200 2396 caritatem
1232 2357 1283 2395 ad
1316 2356 1471 2407 hostes,
1511 2356 1626 2408 ipsos

251 2427 291 2458 30
306 2426 610 2479 temporalibus
643 2426 865 2479 spoliando
900 2434 939 2465 et
970 2435 1141 2479 propter
1173 2439 1364 2465 amorem
1396 2440 1467 2466 eos
1499 2439 1625 2478 gene-

306 2495 443 2535 raliter
473 2495 719 2537 occidendo.
751 2497 804 2536 Et
835 2505 975 2536 tamen
1008 2498 1059 2535 ad
1092 2497 1173 2535 hoc
1206 2497 1439 2536 secundum
1473 2509 1623 2535 consu-

307 2564 433 2604 limus
479 2578 527 2604 ex
570 2565 651 2604 isto
697 2565 837 2604 colore
882 2567 999 2618 quod
1042 2575 1180 2618 potest
1212 2565 1298 2605 fieri
1333 2565 1543 2605 meritorie
1582 2565 1624 2604 in

309 2648 406 2674 casu
451 2635 641 2688 possibili
686 2635 828 2689 quoad
862 2635 1000 2675 Deum
1045 2644 1084 2675 et
1130 2635 1454 2689 possibilitatem
1501 2634 1626 2687 primi

362 2827 387 2855 5.
409 2829 436 2855 A
458 2828 488 2856 in
510 2836 623 2864 marg.:
653 2828 896 2856 Condicionalis.
1040 2837 1081 2862 14.
1112 2829 1151 2856 B:
1194 2833 1326 2856 urerent.
1470 2828 1516 2856 28.
1546 2828 1567 2855 Β
1595 2829 1625 2856 in

311 2881 427 2909 marg-z
462 2874 594 2902 Inferius
622 2880 694 2903 nota
721 2880 837 2902 textum
866 2875 1025 2912 Jeronymi
1050 2876 1124 2903 satis
1153 2880 1343 2911 pugnantem
1377 2883 1434 2910 pro
1467 2875 1627 2902 ablacione

310 2922 539 2956 temporalium.
682 2921 728 2949 30.
752 2921 773 2948 B
795 2922 824 2949 in
847 2930 963 2956 margi:
985 2921 1065 2950 Nota
1101 2922 1176 2949 bene
1198 2922 1306 2950 ambas
1327 2922 1524 2957 columpnas.
