2045 3312
153 255 239 306 574

198 378 266 405 The
287 378 368 417 Pope

159 418 274 441 cannot
296 420 401 447 asmgn

157 449 310 484 arbitrary
324 449 412 476 value

146 488 178 510 to
200 484 314 511 certain
331 483 408 511 alms

226 1919 254 1947 1f
271 1921 345 1948 each

152 1956 339 1989 indulgence
369 1963 424 1983 can

887 260 1112 293 JOHANNIS
1138 261 1334 294 WYCLIF.
1544 249 1649 307 [CAP.
1666 260 1776 289 xxm.

437 366 553 419 quod
599 375 739 418 potest
780 365 917 406 facere
959 367 1096 406 maius
1137 377 1176 406 et
1211 381 1294 406 non
1339 368 1494 420 minus,
1543 370 1766 421 quomodo
1784 378 1916 414 206¹’0

438 436 743 476 concederetur
767 436 847 489 legi
872 450 962 486 sue,
991 437 1107 489 quod
1132 445 1246 476 taxat
1272 437 1322 476 ad
1348 447 1496 477 votum
1523 452 1599 491 pro
1634 453 1766 493 quan-

436 517 703 560 tumcunque
763 520 893 559 parva
955 508 1186 546 elemosina
1246 507 1404 547 remitti
1466 522 1766 563 quamcunque

436 587 602 630 partem
636 578 870 630 aliquotam
904 591 1011 630 pene
1047 579 1112 618 vel
1149 575 1295 631 culpe?
1326 579 1551 632 Numquid
1592 593 1642 619 eo
1674 580 1767 632 ipso

437 660 524 701 quo
563 648 652 701 ipse
685 647 786 687 dicit
821 648 993 687 terciam
1030 648 1094 688 vel
1128 658 1324 701 quartam
1360 658 1434 688 aut
1465 658 1800 703 quamcunque5

438 718 562 758 aliam
602 726 768 771 partem
816 719 1057 770 penitencie
1097 718 1307 758 indultam
1355 732 1433 772 pro
1475 719 1652 758 denario
1702 734 1766 759 se-

439 787 586 842 quitur
619 788 734 841 quod
769 788 821 827 sit
856 786 936 828 ita?
971 789 1193 841 Numquid
1232 797 1451 841 oporteret
1481 789 1596 842 quod
1626 789 1766 842 previe

438 858 575 898 subsit
621 858 733 897 racio
782 857 895 911 apud
931 855 1093 898 Deum?
1150 858 1233 898 Ubi
1283 872 1383 910 ergo
1436 869 1498 899 est
1548 859 1766 899 evidencia

439 928 612 968 maioris
645 929 826 968 racionis
867 929 1053 980 laxandi,
1090 938 1152 968 est
1183 929 1400 969 evidencia
1435 930 1608 969 maioris
1648 939 1767 983 pote-

440 999 561 1038 statis
596 999 648 1037 ad
683 999 763 1038 hoc
788 1008 827 1038 et
853 1008 1026 1039 econtra
1050 999 1101 1038 de
1125 999 1514 1051 irracionabilitate,
1540 1010 1587 1040 ut
1610 1014 1763 1053 repug-
1786 1020 1824 1041 xo

440 1079 511 1109 nat
545 1070 680 1122 prime
722 1070 898 1121 racioni,
934 1084 1009 1122 per
1056 1083 1184 1122 quam
1233 1079 1405 1123 oportet
1444 1084 1592 1110 omnes
1627 1072 1764 1110 indul—

439 1140 607 1193 gencias
654 1139 758 1192 fieri,
807 1141 924 1193 quod
967 1140 1034 1179 hic
1074 1141 1157 1180 sint
1191 1140 1345 1180 infiniti
1379 1141 1538 1193 puniti;
1579 1154 1764 1194 quorum

439 1211 605 1263 primus
647 1220 709 1250 est
747 1210 989 1263 aliqualiter
1030 1224 1161 1263 capax
1193 1212 1315 1250 venie
1348 1211 1586 1251 secundum
1629 1212 1764 1265 digni·

440 1291 569 1321 tatem
632 1282 823 1321 habitam
883 1295 904 1320 a
952 1282 1058 1332 Deo,
1118 1281 1330 1321 secundus
1378 1295 1479 1321 vero
1538 1282 1579 1320 in
1633 1282 1765 1335 duplo

440 1352 636 1406 capacior
660 1362 700 1392 et
723 1353 781 1392 sic
806 1353 846 1391 in
873 1351 1104 1403 infinitum,
1140 1362 1180 1392 et
1215 1362 1356 1392 tamen
1383 1352 1766 1406 proposcionaliter
1786 1359 1823 1394 15

441 1433 487 1463 ut
520 1421 567 1463 fit
591 1423 728 1463 maior
756 1423 988 1462 elemosina
1014 1437 1092 1477 pro
1117 1423 1252 1475 magis
1277 1424 1419 1477 capaci
1445 1423 1585 1477 quoad
1610 1423 1764 1475 Deum,

442 1495 569 1533 habet
602 1507 651 1532 ex
683 1493 903 1533 taxacione
938 1507 1045 1547 pape
1074 1493 1285 1533 minorem
1320 1493 1553 1533 efficaciam
1588 1493 1638 1532 ad
1673 1506 1766 1546 pec-

442 1574 583 1604 catum
624 1564 689 1602 vel
735 1563 1020 1616 penitenciam
1072 1564 1391 1605 remittendum.
1456 1564 1584 1603 Tales
1633 1564 1765 1603 multe

441 1634 739 1674 conclusiones
763 1633 1049 1686 impossibiles
1074 1644 1314 1687 sequuntur
1341 1648 1388 1673 ex
1413 1643 1623 1686 potestate
1656 1647 1764 1686 pape

441 1705 611 1745 taxandi
635 1718 764 1757 penas
789 1712 829 1743 et
852 1715 1024 1756 peccata
1058 1704 1242 1743 hominis
1268 1704 1525 1757 suffragandi
1561 1705 1611 1743 ad
1637 1718 1762 1744 suurn
1780 1719 1822 1741 20

441 1776 645 1829 placitum
680 1784 719 1814 et
754 1788 802 1814 ex
846 1775 1014 1814 casibus
1060 1774 1343 1813 calculatoriis
1392 1787 1499 1827 quos
1539 1775 1616 1814 ista
1650 1775 1762 1814 scola

441 1848 570 1887 habet
603 1845 844 1886 admittere.

502 1917 657 1956 Tercio
681 1916 851 1957 videtur
876 1916 992 1969 quod
1017 1915 1207 1955 subiacet
1230 1915 1431 1967 potestati
1455 1928 1564 1968 pape
1587 1915 1764 1954 omnino

151 1991 241 2019 remit
267 1999 283 2030 ³.
311 1997 389 2027 part,
410 1988 661 2028 aabsolvere
686 1996 772 2026 tam
798 1987 917 2026 vivos
942 2000 1070 2040 quem
1096 1994 1292 2026 mortuos
1317 2000 1337 2025 a
1363 1999 1471 2039 pena
1497 1996 1537 2026 et
1570 2000 1591 2025 a
1625 1987 1765 2038 culpa,

149 2034 330 2054 succeSSion
345 2031 427 2054 must

151 2066 244 2090 remit
254 2063 306 2090 tlie
316 2064 425 2090 whole.

443 2068 482 2098 et
515 2072 630 2111 pono
664 2058 781 2111 quod
816 2058 899 2097 sint
932 2055 1087 2096 infiniti
1123 2056 1317 2095 homines
1353 2064 1393 2096 et
1423 2055 1577 2096 infiniti
1603 2056 1820 2096 denarii25

442 2129 529 2168 sive
563 2128 690 2168 simul
713 2128 800 2167 sive
835 2128 1075 2167 successive
1110 2127 1237 2166 creati
1262 2136 1303 2166 et
1335 2126 1580 2166 adnichilati
1615 2127 1665 2166 de
1690 2127 1766 2166 Dei

444 2199 640 2253 potencia
680 2198 889 2252 absoluta,
936 2207 976 2238 et
1014 2197 1209 2249 iniungat
1248 2211 1357 2250 papa
1410 2197 1547 2250 primo
1597 2197 1766 2236 illorum

443 2269 559 2322 quod
596 2270 665 2308 det
698 2269 889 2322 primum
924 2268 1146 2308 denarium
1171 2280 1250 2320 pro
1275 2268 1453 2306 delenda
1478 2267 1615 2320 prima
1650 2276 1767 2320 parte

445 2339 680 2392 penitencie
694 2340 827 2391 Petri3
845 2339 1034 2379 secundo
1051 2348 1194 2378 autem
1212 2338 1406 2390 iniungat
1421 2338 1538 2391 quod
1555 2338 1766 2377 secundus

445 2411 514 2449 det
553 2410 789 2449 secundum
832 2409 1055 2448 denarium
1095 2422 1173 2461 pro
1217 2408 1395 2448 delenda
1429 2408 1614 2447 secunda
1647 2417 1766 2460 parte
1784 2420 1826 2452 30

446 2494 520 2519 sue
554 2479 807 2533 penitencie,
843 2489 883 2518 et
917 2480 974 2519 sic
1008 2479 1050 2518 in
1083 2478 1312 2519 infinitum.
1342 2478 1394 2517 Et
1427 2487 1542 2530 patet
1575 2478 1691 2531 quod
1725 2478 1765 2517 in

445 2550 528 2590 fine
562 2550 670 2590 foret
705 2558 794 2589 tota
828 2550 1067 2603 penitencia
1102 2549 1215 2589 Petri
1249 2548 1399 2588 deleta.

504 2621 556 2660 Et
604 2621 635 2659 si
682 2620 848 2659 dicatur
888 2620 1003 2673 quod
1045 2620 1148 2659 tales
1195 2632 1317 2659 casus
1366 2627 1468 2658 sunt
1512 2618 1817 2672 ymaginariip

446 2691 583 2730 solum
632 2690 858 2743 possibiles
905 2691 954 2729 de
992 2690 1065 2729 Dei
1113 2690 1310 2742 potencia
1364 2689 1574 2737 absoluta,
1622 2702 1766 2727 revera

447 2761 504 2799 sic
539 2769 729 2813 potestas
765 2758 863 2799 ficta
903 2761 953 2799 de
995 2760 1268 2800 concessione
1302 2759 1671 2811 indulgenciarum
1706 2768 1768 2798 est

498 2881 522 2901 2.
546 2875 571 2901 Α
592 2875 646 2909 Α,ι
671 2875 859 2902 crederetur.
1005 2881 1031 2908 7.
1053 2872 1080 2901 8.
1103 2873 1143 2900 B:
1171 2873 1272 2909 prime
1299 2872 1409 2900 subsit.
1554 2869 1596 2900 33.
1619 2870 1658 2898 13:
1679 2878 1770 2898 casus

447 2926 519 2948 sunt
539 2921 733 2956 ymaginum.
