2045 3312
279 251 369 280 CAP.
392 240 476 298 ιω]
781 253 840 284 DE
867 253 1106 285 ECCLESIA.

126 371 161 404 P
187 370 263 415 196³·
278 367 316 400 et
349 359 485 407 modo,
515 359 651 413 inquit
678 360 958 412 Augustinus,
988 359 1029 398 in
1054 365 1316 411 paupertate
1350 359 1527 398 vivimus
1565 366 1604 398 et

277 443 372 470 cum
406 430 617 469 morimur
644 429 686 468 in
711 435 971 482 paupertate
994 428 1247 476 dormimus,
1271 428 1347 468 sed
1367 442 1602 482 surgemus

278 507 317 540 et
347 514 443 540 vere
475 499 716 539 ditabimur.
771 499 892 539 Unde
939 498 1037 553 quia
1080 512 1176 552 pars
1221 498 1490 538 beatitudinis
1543 509 1604 539 est

237 583 472 616 2verorum
519 569 732 608 bonorum
774 568 999 621 possessio,
1044 568 1141 607 ideo
1187 569 1373 608 secundo
1412 569 1605 609 subditur

246 640 319 685 5in
342 639 590 693 preconium
613 638 738 678 huius
762 639 926 679 matris:
959 639 1204 693 Multefilie
1225 646 1605 693 congregaverunt

278 710 464 759 divicias,
509 716 553 748 tu
596 722 883 762 supergressa
922 723 965 749 es
1015 710 1250 749 universas.
1305 710 1415 749 Nam
1460 710 1600 749 omnia

279 779 530 833 temporalia
561 788 778 819 transeunt
811 788 850 819 et
883 779 1099 833 decipiunt
1133 793 1415 835 quoscunque
1449 780 1519 834 qui
1559 795 1605 820 ea

280 851 651 904 preponderanter
683 849 876 904 diligunt.
908 850 1005 890 Ideo
1029 850 1316 903 MattheiV10‚
1359 863 1404 899 19
1439 850 1606 891 dicitur:

282 921 419 960 Nolite
442 920 735 974 thesaurizare
756 920 870 960 vobis
905 921 1129 961 thesauros
1154 921 1195 960 in
1220 928 1351 970 terra,
1377 921 1446 960 ubi
1468 934 1605 975 erugo

224 1012 263 1036 10
279 999 318 1031 et
349 993 461 1031 tinea
491 989 723 1030 demolitur
756 997 794 1030 et
829 991 1051 1045 ubifures
1079 990 1286 1044 effodiunt
1317 991 1603 1045 etfurantzcr,

278 1061 353 1101 sed
385 1062 669 1116 thesaurizate
700 1062 814 1102 vohis
848 1063 1074 1102 thesauros
1106 1063 1147 1102 in
1181 1064 1292 1112 celo;
1324 1071 1363 1102 et
1395 1063 1602 1117 sequitur:

285 1131 364 1170 Ubi
394 1139 456 1171 est
487 1133 597 1172 enim
631 1132 859 1172 thesaurus
892 1139 1003 1182 tuus,
1044 1133 1100 1172 ibi
1130 1140 1169 1172 et
1200 1146 1274 1172 cor
1313 1140 1447 1173 tuum.
1502 1133 1604 1174 Filie

279 1211 423 1241 autem
456 1210 660 1242 vocantur
693 1203 926 1242 secundum
959 1202 1250 1256 Augustinum
1299 1203 1466 1243 heretici
1507 1217 1600 1256 pre-

279 1271 382 1323 sciti,
416 1281 462 1311 ut
494 1271 673 1311 finaliter
695 1273 745 1312 ab
770 1273 941 1312 ecclesia
973 1272 1224 1312 dividantur.
1260 1273 1369 1312 Inter
1392 1273 1464 1312 has
1497 1272 1602 1313 filias

226 1355 260 1387 15
280 1341 471 1394 splendet
494 1342 665 1382 ecclesia
686 1342 794 1382 sicut
816 1342 952 1383 lilium
976 1343 1082 1382 inter
1105 1343 1265 1396 spinas:
1288 1344 1428 1393 Tales,
1453 1343 1602 1398 inquit,

278 1412 401 1464 spine
415 1412 731 1464 habentflorem
748 1414 839 1453 sine
851 1413 1036 1466 fructu;
1062 1427 1161 1453 nam
1183 1413 1403 1453 existentes
1425 1415 1475 1453 ad
1498 1424 1601 1454 tem-

280 1496 359 1535 pus
382 1482 424 1521 in
448 1482 618 1522 ecclesia
641 1483 878 1536 percipiunt
900 1483 1098 1523 fallaciter
1120 1482 1247 1523 fidem
1271 1492 1310 1523 et
1328 1484 1603 1524 ecclesiastica

280 1562 551 1605 sacramenta,
598 1568 647 1594 eo
688 1555 804 1608 quod
836 1554 893 1594 eis
927 1554 1066 1594 deficit
1104 1554 1250 1594 caritas
1294 1564 1601 1596 consummata.

231 1636 266 1675 Q,
339 1624 460 1664 Unde
494 1624 591 1677 quia
624 1625 727 1664 tales
759 1639 934 1678 persepe
963 1625 1211 1665 habundant
1234 1627 1450 1666 mundana
1472 1626 1603 1678 gloria

239 1706 264 1739 3
280 1704 318 1733 et
343 1694 453 1733 fama
475 1694 601 1734 seculi
627 1706 797 1748 propter
816 1695 903 1734 eius
920 1695 1104 1747 divicias,
1128 1695 1222 1735 ideo
1246 1695 1374 1736 tercio
1390 1696 1600 1736 subditur:

303 1764 441 1803 “allax
473 1765 625 1818 gracia
678 1772 717 1804 et
760 1779 870 1805 vana
908 1765 1210 1818 pulchritudo:
1254 1767 1409 1806 mulier
1452 1767 1602 1806 timens

1808 245 1892 297 489

1672 651 1768 678 Versc
1789 658 1834 686 29.

1664 686 1732 713 The
1754 695 1848 723 many

1637 721 1804 754 daughters
1825 730 1876 749 ure

1630 757 1680 783 the
1700 757 1882 784 foreknown

1643 791 1713 819 who
1735 800 1786 819 are
1806 797 1875 819 out-

1637 827 1755 863 wardly
1776 835 1874 855 mem-

1662 862 1731 889 bers
1751 864 1784 889 ot
1803 863 1854 890 the

1691 897 1826 925 Church.

1670 1774 1766 1802 Versc
1788 1774 1833 1802 30.

1619 1810 1768 1837 Outward
1802 1818 1893 1845 grace

279 1833 494 1873 dominum
529 1835 621 1886 ipsa
647 1835 906 1875 laudabitur.
940 1837 1051 1875 Nam
1073 1835 1208 1888 gracia
1242 1835 1377 1875 laudis
1402 1836 1600 1888 humane,
1631 1845 1657 1872 is
1679 1845 1714 1872 of
1734 1853 1773 1872 no
1796 1845 1887 1873 avan.

279 1905 494 1944 mundane
533 1904 663 1957 glorie
702 1906 765 1944 vel
799 1906 972 1945 carnalis
1013 1906 1358 1959 concupiscencie
1392 1906 1602 1947 declinant

278 1973 473 2014 homines
497 1989 518 2013 a
541 1975 631 2014 Deo
654 1975 704 2014 ad
730 1975 895 2015 hostem
919 1976 1138 2029 triplicem.
1164 1976 1260 2015 Ideo
1284 1990 1451 2016 necesse
1475 1986 1536 2017 est
1559 1987 1604 2017 ut

224 2057 262 2088 25
280 2044 356 2084 ista
379 2044 429 2084 sit
453 2044 576 2083 fallax
597 2045 745 2098 gracia,
762 2046 861 2099 quia
875 2046 1046 2086 abducit
1061 2061 1083 2086 a
1099 2060 1272 2100 sponso,
1290 2046 1360 2100 qui
1378 2056 1438 2086 est
1452 2048 1603 2100 plenus

279 2114 415 2167 gracie
431 2123 470 2154 et
487 2114 682 2155 veritatis.
702 2116 819 2155 Vana
842 2116 974 2156 eciam
989 2126 1049 2156 est
1064 2117 1334 2170 pulchritudo
1350 2131 1604 2172 quecunque

279 2184 497 2236 sensibilis,
521 2199 618 2224 cum
641 2198 728 2224 non
751 2185 803 2225 sit
826 2187 1098 2239 pulchritudo
1123 2186 1200 2226 nisi
1224 2196 1395 2240 propter
1424 2201 1602 2241 propor-

281 2254 487 2294 cionalem
511 2268 736 2294 numerum
761 2256 1048 2297 insensibilem
1078 2257 1324 2310 increatum,
1356 2258 1395 2297 in
1426 2272 1513 2312 quo
1544 2267 1605 2298 est

281 2324 418 2377 primo
441 2339 515 2378 per
530 2339 571 2364 se
588 2334 626 2365 et
641 2326 810 2379 proprie
825 2327 1098 2380 pulchritudo
1115 2327 1180 2383 (ut
1197 2336 1311 2381 patet
1326 2341 1415 2381 cap.
1432 2326 1602 2383 Mzute).

224 2406 266 2438 30
282 2394 378 2433 Ideo
402 2394 612 2448 signanter
634 2395 785 2436 dicitur
805 2396 965 2436 vanitas
985 2397 1076 2436 talis
1100 2397 1373 2450 pulchritudo
1399 2398 1603 2438 sensibilis

281 2473 321 2503 et
346 2464 563 2516 potissime
584 2466 839 2518 temporalis.
864 2467 984 2507 Unde
1008 2476 1143 2507 rectus
1166 2476 1205 2507 et
1227 2481 1300 2520 per
1322 2482 1364 2507 se
1396 2469 1501 2507 ordo
1524 2468 1602 2507 ini-

280 2534 415 2573 ciandi
448 2535 667 2575 materiam
697 2550 790 2576 vere
822 2537 956 2576 laudis
988 2546 1049 2577 est
1079 2537 1206 2577 timor
1238 2538 1420 2591 domini,
1443 2552 1491 2577 ex
1522 2538 1604 2578 hoc

334 2667 353 2686 1.
376 2660 414 2687 ss:
436 2660 532 2688 eciam
555 2660 659 2688 modo.
817 2670 842 2690 2.
872 2661 905 2689 In
932 2662 1041 2690 codd.:
1077 2662 1303 2697 dormivimus3
1336 2665 1454 2690 correxi
1476 2671 1491 2691 e
1519 2667 1602 2691 textu

279 2706 362 2740 Aug.
506 2707 535 2734 ὁ.
563 2708 607 2734 A:
636 2707 791 2735 universa.
906 2708 952 2737 26.
976 2709 1017 2736 B:
1039 2710 1108 2738 Una
1128 2709 1238 2737 eciam.
1370 2709 1416 2737 30.
1437 2710 1470 2737 In
1492 2709 1601 2737 codd.:

280 2755 313 2778 ut
332 2756 415 2787 patet
435 2753 464 2779 6.
487 2752 592 2780 Multe.

345 2845 371 2867 1.
407 2837 495 2877 Aug.
528 2836 548 2868 1.
580 2847 608 2869 c.
639 2847 718 2879 pag.
759 2848 830 2880 ¹9¹·
979 2850 1033 2884 29.
1072 2840 1172 2873 Decr.
1213 2850 1281 2872 sec.
1306 2850 1396 2883 pars,
1437 2850 1540 2872 causa
1577 2840 1600 2879 I,

282 2902 316 2935 q.
343 2893 366 2931 1,
396 2903 470 2936 cap.
495 2894 679 2926 XXXVIII.
