2045 3312
276 276 364 305 CAP.
381 265 510 324 xvur]
798 278 858 309 DE
884 276 1119 309 ECCLESPA.
1816 262 1901 316 437

141 398 169 431 S
194 399 272 442 189¹*
288 385 456 424 haberet
489 384 540 423 ad
564 383 747 437 aliquam
772 391 935 436 partem
968 382 1044 433 sui,
1082 381 1178 435 quia
1213 381 1268 420 sic
1293 393 1376 420 una
1409 380 1610 420 medietas

288 455 391 495 foret
438 453 698 493 indivisibilis
744 461 783 492 et
828 452 905 492 alia
938 452 1139 491 medietas
1185 450 1459 505 quantitativa
1505 450 1611 490 foret

287 525 446 579 equalis
495 538 571 563 suo
610 522 701 574 toti,
746 523 777 561 si
823 523 971 562 debeat
1016 522 1095 561 dici
1140 530 1299 571 totum;
1347 529 1385 560 et
1418 521 1474 560 sic
1508 520 1609 559 illud

287 604 427 635 totum
450 593 619 632 haberet
641 602 823 646 quatuor
847 592 1089 631 medietates
1114 590 1342 644 inequales,
1368 601 1413 630 ut
1438 590 1609 630 ecclesia

253 679 335 712 5ex
380 673 563 719 quatuor
607 662 852 703 hominibus
886 662 1152 715 inequalibus
1186 661 1357 700 haberet
1390 661 1497 700 duos
1531 660 1607 699 mi-

288 749 410 775 nores
462 734 658 774 homines
704 742 743 772 et
787 741 970 786 quatuor
1022 732 1265 772 medietates
1311 731 1609 784 quantitativas

286 805 457 844 illorum
501 814 685 858 quatuor
728 803 956 843 hominum
989 817 1065 856 pro
1099 803 1183 842 suis
1229 801 1537 853 medietatibus,
1573 810 1610 840 et

287 875 343 914 sic
383 875 423 913 in
463 888 718 928 quacunque
760 873 1042 926 proporcione
1075 873 1258 912 volueris
1291 886 1374 911 una
1408 871 1609 911 medietas

223 962 270 992 10
288 954 347 985 est
381 945 515 984 maior
546 944 719 998 reliqua.
754 944 809 983 Et
841 943 997 983 mirum
1030 943 1195 982 videtur
1225 943 1340 996 quod
1374 956 1481 995 pars,
1520 956 1605 981 me-
1625 947 1772 975 Thuswe
1789 948 1900 974 should

1783 991 1798 1003 α

234 1041 271 1063 ,Ο
288 1016 431 1067 dietas,
468 1015 653 1054 mundus
689 1024 729 1054 et
764 1014 899 1053 maior
941 1027 1034 1066 pars
1069 1027 1205 1052 rerum
1243 1011 1521 1052 artificialium
1558 1012 1609 1051 sit
1642 983 1886 1045 Riebxircoliiffeifiii

287 1085 426 1136 nichil,
467 1099 566 1124 nam
604 1084 807 1138 scriptura
842 1084 895 1124 ita
924 1084 1126 1123 Johannis
1161 1084 1219 1123 VO
1249 1083 1348 1122 dicit
1394 1083 1607 1134 spiritum,
1624 1052 1901 1150 {f'ssg¹s¹{{1tsfl¹1¹m}¹}{

286 1170 443 1210 aquam
479 1163 517 1195 et
547 1155 804 1209 sanguinem
840 1167 931 1194 esse
957 1168 1103 1205 unum,
1128 1162 1167 1193 et
1189 1153 1473 1193 communiter
1495 1161 1608 1206 patet
1653 1131 1703 1150 are
1724 1131 1741 1150 n
1788 1132 1864 1157 nne„

286 1227 398 1265 idem
421 1227 470 1265 de
492 1226 581 1265 aliis
606 1225 836 1279 aggregatis
859 1239 940 1278 que
963 1224 1160 1264 dicuntur
1173 1237 1323 1264 unum.
1348 1224 1457 1262 Nam
1473 1223 1608 1276 predi-

287 1307 380 1336 cato
416 1310 489 1349 per
524 1310 564 1335 se
600 1295 780 1335 inferiori
817 1295 1055 1348 predicatur
1088 1308 1162 1347 per
1196 1308 1238 1333 se
1273 1293 1477 1347 superius,
1504 1302 1551 1333 ut
1578 1293 1608 1333 si

233 1383 269 1415 15
287 1367 459 1406 ecclesia
481 1366 532 1406 sit
553 1379 745 1419 persona,
769 1374 870 1405 tunc
896 1374 955 1405 est
983 1364 1203 1404 racionalis
1226 1373 1372 1405 nature
1394 1364 1610 1404 individua

287 1436 537 1477 substancia.

241 1522 271 1555 Τ
345 1507 578 1546 Redeundo
613 1519 710 1560 ergo
744 1506 795 1545 ad
828 1505 1098 1558 propositum
1136 1506 1374 1545 notandum
1410 1513 1470 1545 est
1498 1504 1610 1545 fideli
1654 1520 1722 1548 The
1743 1520 1864 1549 faithful

286 1578 402 1631 quod
456 1577 674 1630 diligenter
725 1585 866 1616 caveat
911 1576 961 1615 ab
1005 1575 1134 1615 heresi
1189 1575 1265 1615 ista
1320 1575 1471 1615 recenti
1527 1589 1611 1629 qua
1648 1558 1884 1627 Ῑζῗίῗιξθῂῖἷζῖἶὲἷι

286 1648 436 1688 dicitur
479 1648 595 1702 quod
640 1655 734 1686 ante
776 1656 959 1687 mortem
1005 1646 1158 1687 Christi
1212 1660 1298 1685 non
1344 1646 1423 1686 fuit
1469 1654 1610 1686 sancta
1634 1626 1888 1701 thsssstilziitirgvhas

229 1744 270 1766 20
286 1727 419 1758 mater
451 1717 623 1758 ecclesia
656 1730 731 1757 nec
779 1718 896 1771 quod
929 1731 976 1756 ex
1010 1716 1216 1757 militante
1250 1726 1288 1756 et
1322 1716 1609 1770 triumphante
1633 1696 1890 1759 ungig¹2ss³1-1}te,³¹h

285 1797 346 1827 est
391 1801 476 1827 una
519 1788 657 1827 totalis
691 1788 861 1828 ecclesia
906 1787 1136 1828 constituta
1175 1787 1246 1826 sed
1287 1788 1402 1840 quod
1442 1785 1609 1840 presciti

286 1868 326 1898 et
359 1858 549 1897 membra
582 1858 750 1911 dyaboli
785 1867 882 1897 sunt
915 1866 1051 1911 partes
1085 1866 1225 1897 sancte
1259 1856 1402 1897 matris
1427 1857 1609 1908 ecclesie,

287 1929 440 1968 domus
479 1927 555 1967 Dei
589 1937 627 1968 et
660 1928 837 1981 speciale
869 1928 1158 1968 habitaculum
1190 1927 1399 1975 trinitatis,
1423 1927 1521 1980 quia
1545 1926 1611 1980 (ut

288 2012 385 2051 sepe
417 1996 644 2052 assumpsi)
678 1998 942 2051 Augustinus
986 1998 1028 2037 in
1068 1997 1353 2037 Encheridion
1394 1997 1507 2037 LVI0
1541 2011 1607 2036 ex-

229 2084 268 2116 25
287 2082 450 2123 ponens
496 2067 623 2108 fidem
670 2069 839 2109 ecclesie
885 2082 1009 2121 super
1046 2068 1124 2107 ista
1163 2068 1367 2120 particula
1408 2068 1607 2107 Sanctam

287 2140 505 2179 ecclesiam
540 2139 789 2178 catholicam
814 2139 869 2178 ita
892 2138 1049 2178 scribit:
1082 2139 1238 2178 Rectus
1271 2139 1411 2191 itaque
1443 2151 1519 2178 con
1545 2151 1608 2177 es-

286 2210 416 2250 sionis
456 2208 559 2249 ordo
584 2209 789 2262 poscebat
827 2216 872 2248 ut
903 2209 1082 2248 trinitati
1112 2209 1450 2262 subiungeretur
1481 2209 1606 2248 eccle-

286 2281 350 2320 sia
391 2286 608 2332 tamquam
643 2280 874 2320 habitatori
905 2279 1056 2319 domus
1088 2293 1168 2319 sua
1205 2286 1244 2319 et
1270 2279 1362 2318 Deo
1402 2280 1605 2332 templum

287 2363 412 2390 suum
431 2356 469 2390 et
484 2350 691 2390 conditori
714 2350 858 2389 civitas
875 2361 980 2400 sua;
1001 2363 1081 2403 que
1096 2356 1180 2389 tota
1199 2350 1264 2389 lzic
1281 2349 1524 2402 accipienda
1548 2356 1610 2389 est

230 2434 371 2468 3071011
415 2421 554 2460 solum
601 2434 654 2460 ex
697 2427 827 2474 parte
872 2433 951 2473 que
991 2420 1305 2473 peregrinatur
1343 2420 1383 2458 in
1423 2420 1549 2458 terris
1582 2433 1607 2458 a

286 2491 389 2530 solis
428 2498 524 2530 ortu
564 2504 696 2544 usque
727 2491 783 2530 ad
814 2503 1010 2530 occasum
1047 2489 1230 2530 laudans
1263 2503 1415 2530 nomen
1449 2490 1610 2529 domini

288 2567 326 2600 et
379 2568 480 2614 post
540 2561 819 2614 captivitatem
882 2561 1100 2600 vetustatis
1163 2567 1343 2600 cantans
1396 2560 1606 2600 canticum

341 2686 376 2714 13.
398 2694 441 2720 ¹4·
462 2686 501 2713 13:
523 2687 710 2721 predicatur.
837 2694 878 2723 ¹7·
899 2686 928 2714 A
948 2685 978 2713 in
1001 2693 1117 2720 marg.=
1139 2685 1219 2713 Nota
1240 2686 1326 2713 bene.
1466 2691 1506 2720 ¹9·
1528 2686 1556 2712 A
1577 2685 1605 2712 in

289 2740 406 2767 marga
446 2733 552 2768 Longe
584 2737 654 2761 ante
680 2732 797 2761 Christi
824 2736 957 2760 mortem
980 2732 1038 2759 suit
1059 2736 1164 2759 sancta
1180 2731 1309 2759 ecclesia
1323 2731 1360 2759 de
1381 2739 1442 2766 qua
1458 2739 1519 2758 non
1535 2735 1607 2758 sunt

287 2779 410 2814 presciti
439 2779 554 2813 (Below
576 2779 643 2815 189Β
664 2780 795 2807 without
817 2780 904 2806 mark
925 2778 960 2806 of
987 2778 1164 2812 reference).
1309 2786 1357 2812 24.
1386 2780 1414 2806 A
1438 2779 1466 2805 in
1489 2786 1606 2811 marga

287 2826 496 2860 Augustinus.
639 2835 685 2861 24.
707 2826 741 2854 In
757 2826 848 2853 codd.
870 2825 978 2854 LXIV.
1127 2827 1172 2854 26.
1194 2827 1225 2853 In
1242 2825 1350 2853 codd.:
1373 2825 1482 2852 Rectus
1502 2825 1606 2862 itaque

292 2878 320 2900 et
342 2873 513 2900 conformis
534 2874 620 2901 ordo.
646 2872 772 2901 Correxi
788 2882 802 2899 e
816 2877 900 2900 textu
915 2873 1053 2907 August.
1074 2873 1231 2900 Euchirid.
1245 2880 1312 2908 cap.
1330 2871 1406 2899 LVI.
1430 2871 1512 2906 Opp.
1528 2876 1604 2898 tom.

286 2919 339 2953 VI,
361 2927 431 2955 pag·
452 2926 510 2954 217.
654 2928 700 2955 29.
720 2919 755 2946 In
775 2919 884 2947 codd:
905 2920 1047 2947 creatori.
1070 2918 1199 2946 Correxi
1220 2927 1235 2946 e
1255 2923 1338 2946 textu
1359 2919 1442 2953 Aug.
