2045 3312
239 229 328 258 CAP.
340 221 399 276 v.]
750 234 809 265 DE
836 232 1070 265 ECCLESIA.
1800 236 1810 260 1
1829 236 1840 260 1
1858 236 1869 260 1

102 347 244 390 R143³
319 338 532 378 Dissensio
565 347 708 378 autem
741 347 801 378 est
824 348 926 391 aput
951 339 1144 378 doctores
1168 347 1351 388 nostros,
1385 352 1434 377 eo
1469 339 1585 392 quod
1625 345 1848 396 Differenc‘efaf

217 419 243 452 2
261 408 389 462 aliqui
406 408 646 461 intelligunt
668 407 798 448 fidem
822 408 1086 462 aggregative
1109 421 1185 461 pro
1203 407 1431 448 adhesione
1450 408 1585 461 prima
1611 389 1802 444 xovffiiilcffiiiii
1822 387 1858 444 ig.

263 493 361 519 cum
392 477 716 532 imperfeccione
749 488 964 533 sequente.
998 478 1144 532 Aliqui
1178 487 1319 518 autem
1343 478 1584 532 intelligunt

260 549 389 589 fidem
420 549 694 602 personaliter
740 563 816 603 pro
849 549 919 589 illa
966 549 1194 589 adhesione
1243 548 1309 589 cui
1356 548 1462 589 inest
1511 562 1585 601 per

223 629 240 660 5
260 619 450 658 accidens
483 619 658 660 intuicio
691 620 757 659 vel
787 619 964 674 enigma.
1000 620 1073 659 Illa
1095 628 1238 660 autem
1261 619 1397 673 prima
1411 618 1581 658 adhesio

257 689 486 742 precedens
519 690 732 730 racionem
781 700 842 730 est
886 691 1075 730 eiusdem
1120 689 1299 730 racionis
1346 689 1412 728 hic
1457 698 1496 729 et
1539 688 1580 728 in

256 759 402 813 patria,
436 760 507 800 sed
541 760 596 799 ibi
628 760 804 800 validior
838 758 962 815 (sicut
995 760 1091 799 alibi
1115 759 1263 800 diffuse
1296 758 1503 815 exposui).
1529 760 1582 799 Et

258 830 314 870 sic
348 845 497 871 omnes
531 831 803 885 predestinati
843 832 998 872 habent
1038 831 1238 871 continue
1278 830 1407 870 fidem
1445 830 1581 884 gracia

256 901 632 954 predestinacionis
666 901 905 954 formatam,
941 911 980 942 et
1012 901 1067 942 sic
1100 915 1186 941 non
1234 900 1342 941 cadit
1390 915 1411 939 a
1444 914 1579 940 mem-

201 989 239 1011 10
255 971 336 1011 bris
371 972 540 1012 ecclesie
579 986 654 1026 per
701 973 891 1024 mortale,
925 982 971 1013 ut
1018 981 1132 1026 patet
1164 972 1253 1023 1110,
1287 971 1348 1011 De
1380 971 1581 1011 Doctrina

257 1041 493 1082 Christiana
515 1043 706 1096 XXXII0,
740 1052 778 1083 et
802 1042 981 1096 epistola
1002 1043 1197 1083 XXXIII&
1224 1043 1275 1082 ad
1298 1041 1579 1082 Bonifacium.

258 1112 450 1166 Explicat
497 1113 577 1154 hoc
622 1114 672 1154 de
724 1114 857 1154 David
882 1124 922 1154 et
954 1114 1097 1165 Petro;
1151 1114 1201 1152 de
1253 1112 1387 1152 David
1439 1122 1582 1152 autem

258 1183 453 1236 explanat
475 1184 556 1224 hoc
579 1184 620 1223 in
654 1184 761 1223 libro
785 1185 846 1224 De
870 1183 980 1224 Octo
1016 1183 1324 1233 Questionibus
1357 1184 1409 1222 ad
1441 1183 1582 1223 Dulci-

263 1253 377 1293 cium
409 1253 595 1293 amicum
629 1265 775 1307 suum3
809 1268 995 1308 quorum
1028 1254 1225 1293 omnium
1248 1253 1358 1293 racio
1392 1263 1453 1294 est
1485 1253 1584 1307 quia

1598 825 1644 852 All
1666 824 1716 852 the
1739 825 1877 860 predest-

1598 860 1678 887 iuate
1705 861 1779 887 have
1801 860 1874 888 saith

1596 895 1657 922 and
1681 900 1796 923 cannot
1811 897 1877 923 lose

1597 931 1874 966 itevenbymortal

1711 974 1770 992 sin.

207 1331 241 1362 15
262 1324 376 1363 Deus
406 1338 491 1364 non
516 1334 656 1378 potest
688 1339 952 1379 quemquam
985 1325 1147 1365 noviter
1170 1325 1341 1377 diligere
1365 1324 1429 1363 vel
1454 1324 1582 1376 odire,

261 1395 331 1434 sed
365 1396 442 1435 sub
457 1409 732 1450 quocumque
764 1396 895 1449 gradu
928 1405 1041 1436 amat
1073 1396 1136 1434 vel
1160 1395 1250 1435 odit
1282 1395 1480 1448 aliquem,
1506 1395 1582 1433 sub

260 1466 412 1505 eodem
444 1466 575 1519 gradu
610 1466 844 1506 eternaliter
889 1466 944 1506 sic
985 1475 1098 1506 amat
1130 1465 1195 1505 vel
1241 1465 1341 1505 odit.
1390 1467 1476 1505 Nec
1525 1474 1585 1505 est

260 1535 501 1576 detestabile
546 1537 663 1591 quod
703 1537 817 1576 Deus
864 1551 1030 1590 semper
1074 1537 1163 1576 odit
1206 1536 1350 1576 beatos
1395 1536 1437 1575 in
1480 1537 1582 1588 celo,

258 1619 356 1645 narn
390 1620 555 1660 semper
588 1607 676 1647 odit
716 1616 886 1661 peccata
934 1621 1084 1647 eorum
1128 1606 1337 1660 preterita,
1372 1620 1457 1647 non
1506 1620 1582 1660 pro

200 1692 242 1714 20
257 1690 434 1729 semper,
466 1677 562 1717 ideo
596 1692 761 1732 semper
794 1687 907 1718 amat
940 1692 1011 1719 eos
1045 1692 1121 1731 pro
1167 1677 1422 1730 sempiterna
1454 1677 1580 1730 glori-

256 1745 472 1788 ficacione.
492 1749 616 1789 Unde
649 1748 820 1789 ecclesia
854 1748 1197 1788 excommunicat
1220 1748 1320 1788 tales
1344 1762 1455 1799 cum,
1480 1748 1579 1801 ipsis
1624 1738 1692 1766 The
1713 1738 1837 1766 clun-ch

1596 1782 1666 1809 may
1687 1774 1799 1814 rightly
1819 1783 1872 1802 ex-

258 1817 528 1859 existentibus
560 1819 602 1858 in
635 1819 818 1871 mortali,
852 1819 1042 1860 notificat
1083 1833 1154 1859 eos
1194 1818 1345 1872 privari
1384 1832 1578 1858 commu·
1613 1815 1850 1880 ,ffisss‘fflsslffi'ffi

257 1887 384 1927 nione
418 1898 662 1929 sanctorum
695 1890 931 1929 secundum
963 1898 1202 1943 presentem
1234 1888 1458 1941 iusticiam,
1483 1881 1865 1942 cun]?1{¹et1n⁰a(¹,¹5ss‘}-}.0⁶s{{t

256 1957 486 1999 humidum
530 1959 665 2000 fluens
709 1961 761 1999 ad
815 1970 984 2013 tempus
1029 1960 1086 2000 eis
1135 1959 1313 2012 deficiat,
1359 1973 1580 2013 nunquam
1630 1949 1839 2012 thecksssffsssff

200 2030 239 2063 25
257 2038 399 2069 autem
431 2030 756 2070 anathematizat
787 2031 889 2071 tales
921 2031 986 2070 vel
1030 2030 1207 2070 omnino
1241 2030 1389 2070 dividit
1434 2044 1455 2069 a
1489 2043 1580 2069 cor-

255 2113 357 2152 pore
390 2099 546 2140 Christi
579 2114 654 2141 nec
686 2110 839 2154 potest.
874 2102 927 2141 Et
965 2101 1045 2141 ista
1089 2109 1150 2141 est
1188 2100 1439 2154 plerumque
1486 2114 1579 2140 sen-

256 2169 392 2209 tencia
423 2171 665 2225 Augustini,
699 2171 732 2212 si
765 2172 869 2212 bene
902 2171 1133 2225 inspicitur,
1174 2185 1260 2211 non
1292 2171 1332 2210 in
1369 2171 1482 2210 dolo.
1528 2171 1582 2210 Et

254 2249 368 2292 patet
400 2255 447 2280 ex
480 2241 699 2282 solucione
738 2242 921 2296 proximi
960 2242 1196 2297 argumenti
1230 2251 1269 2282 et
1299 2242 1440 2294 huius,
1474 2255 1581 2295 quo-

255 2312 386 2351 modo
410 2311 701 2366 intelliguntur
733 2312 863 2353 sancti
893 2312 1113 2366 Ysidorus,
1138 2313 1199 2353 De
1233 2313 1413 2353 Summo
1445 2312 1580 2352 Bono.

306 2443 332 2462 2.
353 2436 377 2464 3.
391 2436 536 2472 B:prima
556 2437 812 2473 imperfeccione.
895 2438 976 2472 4.Α.
990 2439 1021 2466 in
1043 2446 1156 2473 marg:
1170 2437 1342 2474 Dupliciter
1362 2438 1474 2466 dicitur
1494 2438 1580 2466 fides.

255 2481 459 2517 (Above143d
473 2483 603 2511 without
628 2485 714 2511 mark
729 2484 764 2511 of
784 2484 967 2519 reference.)
1059 2493 1100 2512 ιο.
1122 2486 1151 2512 Α
1182 2485 1211 2512 in
1234 2493 1351 2520 marga
1373 2485 1579 2520 Augustinus.

254 2535 288 2555 11.
311 2527 344 2555 In
365 2529 457 2557 codd.
480 2529 611 2566 epistola
632 2530 757 2558 XXXII.
780 2530 827 2559 Cf.
851 2531 934 2567 Opp.
956 2531 1036 2566 Aug.
1059 2536 1134 2559 tom.
1157 2531 1193 2564 11,
1217 2540 1284 2568 pag.
1308 2532 1372 2560 263.
1490 2530 1528 2559 13.
1550 2531 1578 2558 in

255 2575 345 2603 codd.
367 2576 394 2603 A
415 2577 472 2611 Al:
513 2577 550 2604 de
571 2577 679 2605 decem
701 2577 931 2613 questionibus.
970 2577 1010 2605 B:
1050 2578 1087 2605 de
1111 2578 1272 2606 conclusio
1295 2578 1393 2606 iubet.
1433 2577 1579 2611 Con-rexi:

255 2620 295 2648 cf.
316 2621 399 2657 Opp.
420 2623 501 2658 Aug.
524 2622 575 2659 V1,
598 2631 667 2659 pag.
696 2631 749 2652 121.
769 2625 799 2652 A
818 2624 849 2651 in
879 2632 993 2660 marg:
1023 2624 1106 2652 Deus
1133 2624 1199 2652 odit
1218 2625 1255 2652 ab
1287 2629 1393 2653 eterno
1423 2630 1452 2653 et
1484 2624 1582 2659 diligit

254 2675 334 2703 quos
356 2669 456 2705 diligit
480 2675 507 2698 et
528 2671 605 2700 odit.
735 2671 777 2699 16.
798 2670 839 2698 B:
860 2671 905 2700 sic
927 2676 1019 2700 amat.

317 2775 369 2809 29.
396 2765 475 2798 Isid.
492 2767 544 2798 De
571 2768 719 2799 Summo
737 2768 850 2807 Bono,
866 2767 923 2800 lib.
951 2767 975 2809 1,
990 2778 1064 2811 cap.
1078 2767 1172 2800 XIX:
1192 2767 1317 2801 Sancta
1333 2768 1482 2801 ecclesia
1500 2767 1580 2800 ideo

258 2821 383 2855 dicitur
408 2824 580 2858 catholica
600 2836 664 2869 pro
686 2836 728 2858 eo
748 2827 845 2867 quod
860 2825 1103 2860 universaliter
1117 2837 1334 2870 peromnem
1351 2828 1393 2859 sit
1409 2827 1581 2858 mundum

261 2881 396 2914 diffusa.
424 2883 513 2915 Nan]
539 2883 776 2917 hereticorum
808 2884 955 2917 ecclesie
977 2885 1010 2917 in
1038 2886 1193 2927 partibus
1223 2887 1343 2918 mundi
1373 2893 1580 2918 coartantur.
