2045 3312
212 275 304 305 CAP.
326 262 399 322 1v.]
718 278 778 309 DE
804 277 1041 310 ECCLESIA.
1766 265 1816 303 83

60 396 91 428 L
119 393 196 438 13³9d
211 385 360 426 eadem
395 386 489 437 ipsa
516 384 688 436 peperit
725 383 873 422 Datan
917 390 957 423 et
978 382 1087 422 alios
1126 382 1167 421 in
1207 381 1351 422 eodem
1368 383 1534 435 populo

211 457 390 504 similes,
435 461 475 494 et
510 466 590 507 que
628 454 746 504 istos,
799 453 948 492 eadem
992 453 1086 505 ipsa
1128 452 1306 502 Judam,
1346 452 1534 506 pseudo-

212 527 442 580 apostolos,
478 524 695 564 Simonem
730 536 906 577 magum
940 529 981 563 et
1011 529 1173 563 ceteros
1206 536 1341 577 usque
1372 523 1430 563 ad
1460 524 1536 563 lzec

209 605 400 649 tempora
417 594 848 647 pseudochristianos
863 594 1152 646 pertinaciter
1174 593 1422 646 obduratos,
1445 595 1535 635 sive

179 670 296 708 5sint
320 666 533 719 permixti
563 666 651 705 sive
685 670 836 717 aperta
861 665 1110 717 precisione
1141 664 1417 706 dissenciant.

268 738 320 776 Et
363 745 459 789 post
503 735 675 790 exponit
728 735 949 789 quomodo
1000 735 1223 788 allegorice
1273 736 1447 776 docetur
1493 735 1536 775 in

210 807 381 846 historia
422 806 570 846 veteris
614 805 850 846 testamenti
893 806 1115 859 quomodo
1149 806 1247 846 boni
1280 806 1537 860 quandoque

202 879 389 932 pariunt
421 878 565 926 bonos,
600 883 646 917 ut
675 877 807 917 Jacob
840 876 1062 916 duodecim
1096 877 1396 929 patriarchas,
1430 877 1535 916 mali

210 957 350 989 autem
396 948 650 1003 quandoque
688 949 871 1000 pariunt
913 947 1061 999 bonos,
1096 954 1141 987 ut
1172 947 1330 988 ancille
1372 946 1538 987 Rachel

158 1027 389 1074 xoparz'unt
417 1019 551 1060 Jacob
570 1018 711 1072 filios,
745 1018 851 1058 mali
888 1024 1028 1058 autem
1065 1017 1324 1071 quandoque
1349 1019 1538 1071 pariunt

212 1092 364 1143 malos,
410 1097 450 1131 et
496 1090 594 1130 boni
640 1090 794 1138 malos,
850 1096 895 1129 ut
934 1096 1057 1142 patet
1100 1089 1152 1129 a⁷e
1195 1089 1399 1141 Ismalzel,
1432 1089 1536 1142 filio

209 1163 381 1202 Abralze
413 1169 452 1202 et
483 1161 652 1201 ancille.
678 1161 731 1200 Et
755 1161 1034 1213 postmodum
1066 1159 1247 1199 declarat
1270 1160 1386 1213 quod
1400 1160 1536 1212 palea

213 1233 332 1273 nullo
365 1231 489 1272 modo
516 1239 658 1285 potest
688 1231 887 1272 converti
918 1231 960 1269 in
988 1230 1265 1285 frumentum
1311 1230 1422 1270 sicut
1459 1244 1538 1271 nec

211 1317 316 1343 caro
341 1305 382 1344 in
405 1303 621 1356 spiritum,
644 1301 1072 1355 sedprescitiomnes
1095 1302 1147 1341 ab
1166 1302 1244 1343 illa
1262 1301 1538 1354 ecclesiaque

159 1375 484 1427 &triumphans
517 1380 580 1413 est
609 1373 703 1412 sine
736 1373 908 1412 macula
954 1372 1021 1413 vel
1054 1385 1169 1426 ruga
1206 1385 1378 1425 semper
1411 1371 1538 1411 divisi

210 1453 321 1487 sunt.
356 1446 408 1485 Et
441 1445 498 1484 sic
531 1452 645 1497 patet
677 1457 725 1483 ex
756 1442 1002 1483 testimonio
1026 1451 1266 1483 sanctorum
1292 1441 1534 1495 Augustini,

213 1515 463 1555 Crisostomi
497 1524 536 1555 et
568 1514 720 1555 decreti
744 1515 966 1568 quomodo
999 1523 1060 1553 est
1083 1513 1206 1553 unica
1238 1521 1380 1553 sancta
1402 1521 1536 1552 mater
1550 1532 1617 1560 The
1633 1531 1737 1561 saints
1753 1538 1828 1561 test·

213 1586 383 1626 ecclesia
415 1600 438 1625 a
470 1585 676 1639 principio
714 1585 864 1625 mundi
904 1598 985 1638 que
1025 1584 1258 1624 eternaliter
1298 1592 1337 1623 et
1377 1583 1532 1637 imper·
1563 1569 1817 1640 igylrltthghzhffiebxf

212 1656 340 1696 mixte
372 1657 607 1710 amplexata
642 1664 701 1695 est
724 1670 745 1694 a
768 1654 913 1708 sponsi
936 1656 1103 1694 dextera
1125 1663 1220 1708 post
1243 1654 1355 1694 diem
1378 1653 1533 1695 iudicii.
1549 1639 1674 1666 mother
1690 1638 1827 1676 miuron,

154 1738 196 1759 20
213 1728 349 1779 Unde,
375 1726 596 1780 supposita
627 1727 680 1765 ad
701 1726 831 1766 istum
853 1739 1026 1766 sensum
1047 1724 1207 1765 unitate
1229 1734 1368 1765 sancte
1391 1725 1535 1765 matris

213 1798 396 1849 ecclesie,
430 1797 703 1837 manifestum
734 1796 899 1835 videtur
930 1796 1049 1850 quod
1080 1795 1221 1835 nullus
1246 1795 1449 1849 prescitus
1483 1795 1535 1835 sit
1561 1801 1816 1864 0{h{wt}11icshfg13qe

213 1868 453 1907 membrum
476 1867 586 1907 illius
611 1866 800 1919 ecclesie;
834 1880 931 1905 nam
965 1866 1107 1905 solum
1129 1866 1199 1920 illa
1222 1874 1283 1905 est
1304 1875 1436 1906 mater
1467 1879 1531 1906 ec-
1585 1872 1781 1934 krffigvssbiesra

214 1937 336 1977 clesia
368 1951 444 1991 pro
476 1946 667 1990 tempore
703 1936 768 1975 vie
808 1951 890 1990 que
930 1935 1212 1989 coronabitur,
1252 1949 1329 1975 nec
1367 1936 1536 1976 habebit
1757 1928 1764 1941 ’

212 2007 279 2047 hic
310 2009 410 2048 alias
443 2017 578 2060 partes
611 2021 740 2061 quam
771 2007 941 2047 habebit
979 2016 1077 2060 post
1114 2007 1227 2046 diem
1264 2006 1420 2047 iudicii.
1454 2007 1536 2047 Sed

158 2078 281 2118 25illa
314 2088 445 2118 mater
476 2088 620 2119 nostra
650 2086 748 2131 post
787 2078 900 2117 diem
938 2077 1096 2129 iudicii,
1129 2077 1302 2131 quando
1336 2077 1411 2117 erit
1449 2077 1536 2117 sine

213 2149 378 2188 macula
395 2149 460 2190 vel
475 2163 590 2203 ruga,
615 2162 701 2188 non
734 2148 906 2188 habebit
939 2149 1140 2202 prescitos
1174 2149 1245 2187 sed
1269 2147 1410 2188 solum
1442 2161 1534 2201 pre-

213 2218 441 2259 destinatos
485 2228 621 2273 partes
670 2230 794 2271 suas3
839 2233 937 2274 ergo
977 2229 1017 2260 et
1060 2219 1206 2259 modo.
1252 2222 1537 2273 Assumptum

213 2297 328 2341 patet
360 2290 410 2329 de
442 2303 527 2329 una
560 2298 702 2330 sancta
733 2298 866 2329 matre
899 2289 1070 2330 ecclesia
1102 2304 1185 2343 que
1216 2289 1422 2330 inutiliter
1453 2302 1534 2329 ser-

212 2358 316 2399 viret
345 2358 412 2399 hic
444 2373 618 2414 sponso,
660 2360 739 2399 nisi
777 2369 875 2414 post
911 2360 1102 2400 laborem
1141 2360 1377 2400 eternaliter
1415 2373 1535 2400 coro-

272 2504 303 2531 4.
322 2496 357 2524 In
379 2496 510 2525 decret.:
537 2497 567 2524 in
588 2496 757 2525 affeccione
783 2498 900 2526 carnali
921 2498 1131 2534 pertinaciter.
1259 2497 1287 2526 6.
1308 2499 1338 2527 A
1362 2498 1393 2526 in
1419 2504 1535 2532 marg.:

215 2541 385 2571 Generacio
412 2543 549 2571 ecclesie.
676 2553 705 2579 9.
726 2545 764 2571 B:
786 2545 912 2580 pariunt
932 2545 1042 2573 malos.
1188 2545 1226 2574 13.
1247 2545 1269 2572 B
1291 2545 1321 2572 in
1342 2552 1439 2580 marg.
1453 2553 1535 2572 man.

214 2596 293 2616 rec.=
308 2590 398 2618 Palea
418 2599 577 2627 nunquam
597 2596 731 2619 vertetur
750 2591 780 2619 in
801 2591 991 2620 frumentum
1014 2592 1092 2620 sicut
1111 2600 1225 2627 corpus
1247 2592 1276 2619 in
1299 2592 1449 2620 animum.

216 2635 257 2664 16.
278 2637 307 2664 A
326 2638 383 2672 A.:
406 2638 442 2665 de
462 2638 651 2667 testimonio.
789 2647 828 2675 ¹7-
850 2639 890 2667 B:
912 2640 1003 2667 unica
1022 2640 1041 2667 1⁵
1060 2645 1176 2667 sancta.
1304 2648 1352 2674 24.
1373 2640 1416 2668 25.
1438 2639 1536 2675 AA,:

215 2681 275 2710 Sed
295 2699 328 2704 —
348 2684 455 2713 iudicii
475 2685 572 2715 deest.

273 2801 304 2834 6.
341 2804 430 2847 Aug.
469 2806 491 2837 1.
519 2815 564 2838 c.:
592 2805 629 2838 In
656 2805 823 2838 omnibus
850 2807 943 2839 enim
964 2806 1160 2839 christianis
1187 2806 1322 2849 (fratres
1345 2805 1534 2848 adtendite)

217 2867 275 2892 aut
310 2872 372 2905 per
407 2864 521 2896 malos
553 2871 743 2897 nascuntur
774 2865 857 2897 boni
891 2872 949 2897 aut
980 2876 1042 2908 per
1073 2865 1187 2897 bonos
1233 2871 1424 2897 nascuntur
1454 2864 1535 2897 mali

218 2925 275 2950 aut
300 2930 361 2962 per
386 2921 500 2953 bonos
526 2922 608 2955 boni
635 2931 693 2955 aut
720 2934 781 2966 per
808 2925 919 2955 malos
945 2923 1025 2955 mali
1053 2948 1060 2955 .
1081 2949 1088 2955 .
1109 2949 1115 2955 .
1138 2950 1143 2956 .

1364 2981 1406 3014 δῦ
