2045 3312
320 282 409 312 CAP.
434 272 518 331 xv]
828 285 887 316 DE
915 283 1149 316 ECCLESIA.
1849 271 1925 323 345

163 404 195 437 L
222 391 583 447 1772privilegium
630 405 679 431 eo
721 390 838 444 quod
881 389 1037 429 habent
1082 388 1210 429 talem
1262 389 1527 442 prepositum
1573 387 1638 428 cui

317 463 374 502 sic
408 461 621 501 meritorie
653 469 833 515 possunt
866 459 1000 500 subdi.

263 543 302 576 M
378 533 437 572 Illi
472 546 569 585 ergo
602 531 675 585 qui
707 530 852 570 dicunt
885 530 1001 584 quod
1033 543 1102 569 rex
1134 529 1259 569 habet
1292 537 1546 582 potestatem
1579 528 1639 567 in-
1677 536 1743 564 Just
1763 537 1828 564 sule
1855 537 1880 563 is
1901 545 1917 564 a

319 601 743 656 comprehensibilem
765 600 1009 654 castigando
1032 600 1176 639 leones
1199 608 1238 639 et
1261 598 1453 639 faciendo
1488 612 1638 651 corpo·
1665 572 1923 641 ¹gi³i¹v⁹iitf³gss⁵⁹t¹ii2¹i1t

285 674 422 715 §sales
446 672 689 712 sanaciones
716 684 814 711 cum
836 670 925 709 aliis
947 684 1029 724 que
1048 679 1199 710 vocant
1219 669 1433 721 miracula,
1456 670 1641 708 laxarent
1655 643 1933 712 εεῖιῐὲῗιηεᾝοῖῗοᾞέ..

319 742 567 796 porcionem
599 755 673 781 sue
706 741 898 794 potencie
933 742 983 780 ad
1013 741 1292 795 regulandum
1313 754 1493 793 regnum
1517 753 1640 778 suum

319 815 360 853 in
394 814 516 864 clero,
551 826 648 852 cum
681 811 761 851 hoc
795 820 834 851 et
867 811 954 851 eius
987 820 1103 851 actus
1137 810 1243 851 foret
1281 809 1556 850 excellencius
1604 817 1643 848 et

319 884 414 938 plus
448 882 662 922 fundabile
695 895 743 922 ex
777 881 992 936 scriptura.
1039 883 1192 922 Nonne
1226 880 1333 922 foret
1366 879 1642 921 excellencius

319 953 517 1006 castigare
542 951 776 1004 freneticos,
800 961 1038 1005 peccatores
1070 960 1109 992 et
1138 951 1322 991 discolos
1353 951 1463 992 scole
1488 950 1641 991 Christi

266 1044 303 1065 ιο
319 1038 447 1078 quam
481 1024 653 1064 domare
687 1023 789 1063 feras
822 1036 904 1076 que
939 1036 1025 1062 non
1058 1031 1221 1062 tantum
1259 1031 1413 1062 nocent
1449 1019 1641 1061 ecclesie?

320 1096 472 1134 Nonne
531 1094 684 1134 iterum
741 1093 847 1134 foret
893 1107 1002 1147 opus
1058 1093 1228 1132 maioris
1271 1092 1434 1132 virtutis
1473 1091 1643 1145 gignere

320 1164 492 1204 virtutes
524 1164 567 1203 in
602 1173 743 1204 mente
767 1163 1061 1217 disciplinabili
1096 1162 1319 1203 occasione
1354 1161 1644 1215 castigacionis

320 1235 508 1286 salubris,
543 1248 625 1288 qua
659 1235 793 1274 ablata
827 1234 877 1273 ab
911 1234 1083 1274 ecclesia
1120 1233 1294 1273 virtutes
1339 1233 1389 1272 ab
1433 1232 1644 1272 indomito

321 1304 638 1356 subtrahuntur,
695 1318 825 1358 quam
883 1305 1079 1344 inducere
1125 1303 1354 1343 virtualiter
1397 1316 1644 1355 corpoream

268 1372 569 1416 15sanitatem?
602 1375 839 1428 Utrobique
872 1388 1057 1428 namque
1091 1383 1152 1414 est
1183 1387 1253 1413 rex
1286 1373 1452 1413 nudum
1489 1373 1643 1412 instru-

320 1454 515 1485 mentum
553 1445 629 1485 Dei
674 1445 746 1498 qui
791 1446 894 1484 dans
941 1444 1027 1497 regi
1067 1444 1268 1484 virtutem
1311 1444 1645 1484 subautenticam

320 1515 606 1570 principaliter
635 1523 845 1568 operatur.
880 1515 933 1554 Et
965 1514 1020 1554 sic
1052 1513 1117 1569 (ut
1140 1528 1237 1568 sepe
1261 1512 1361 1569 dixi)
1396 1527 1465 1554 rex
1488 1514 1646 1553 nedum

322 1586 471 1626 faceret
515 1599 624 1638 opus
656 1585 826 1625 maioris
870 1584 1033 1625 virtutis
1075 1585 1118 1624 in
1164 1585 1408 1638 castigando
1453 1585 1646 1625 subditos

323 1670 452 1710 quam
476 1655 666 1695 faciendo
700 1668 979 1710 quoscunque
1018 1664 1135 1695 actus
1167 1655 1377 1694 mirabiles
1395 1657 1646 1709 corporale5‚

264 1743 307 1765 20
323 1727 395 1766 sed
439 1726 572 1766 eciam
615 1739 743 1779 quam
792 1725 1102 1765 accumulando
1148 1725 1356 1779 quotlibet
1400 1727 1648 1779 temporalia

322 1796 418 1836 cleri
451 1796 619 1843 Christi,
654 1809 751 1836 nam
787 1795 887 1835 tales
919 1795 1091 1836 virtutes
1124 1795 1303 1836 faciendi
1327 1796 1521 1836 sanitates
1554 1811 1645 1837 cor—

323 1880 470 1920 poreas
502 1875 682 1920 possunt
714 1866 847 1905 inesse
883 1865 1038 1917 bestiis,
1070 1875 1175 1905 terre
1208 1866 1475 1906 nascentibus
1521 1876 1646 1921 atque

324 1936 533 1990 lapidibus
565 1937 637 1976 sed
671 1950 757 1976 non
790 1936 921 1976 virtus
954 1935 1232 1975 correccionis
1266 1936 1454 1976 salubris.

275 2013 311 2046 N
384 2008 436 2047 Et
472 2006 625 2047 iterum
656 2006 839 2046 adieccio
884 2006 1184 2059 temporalium
1228 2006 1512 2047 communiter
1556 2017 1726 2056 nonThe
1744 2015 1937 2064 gisrofaims

266 2082 306 2115 25
325 2088 385 2118 est
424 2078 478 2118 ita
516 2077 757 2131 propinqua
800 2076 949 2117 ultime
988 2076 1222 2116 necessitati
1263 2077 1510 2117 salvacionis
1551 2092 1642 2131 pre·
1671 2054 1819 2133 ΙιῗιέηΙῨῙῙΞ
1835 2050 1918 2124 {33⁵¹

325 2147 451 2189 sentis
496 2161 710 2201 corporee,
745 2147 852 2186 sicut
883 2146 1118 2186 subtraccio
1151 2147 1268 2186 abusi
1304 2156 1365 2188 est
1402 2148 1645 2201 propinqua
1700 2123 1896 2187 prggsggenszot

325 2218 472 2258 ultime
517 2217 753 2258 necessitati
799 2216 1045 2257 salvacionis
1092 2226 1293 2270 perpetue
1325 2226 1413 2258 tam
1458 2219 1644 2271 corporis

325 2303 455 2343 quam
477 2288 629 2328 anime.
655 2288 771 2328 Sicut
795 2287 908 2327 enim
931 2296 992 2327 est
1024 2301 1133 2340 opus
1167 2287 1338 2327 maioris
1361 2287 1645 2329 misericordie

326 2358 487 2398 auferre
520 2358 709 2411 gladium
741 2372 764 2397 a
797 2357 996 2397 frenetico
1020 2357 1187 2396 volente
1218 2370 1260 2396 se
1290 2357 1433 2410 ipsum
1457 2358 1646 2399 occidere

271 2432 311 2464 30
327 2442 453 2482 quam
496 2429 593 2468 dare
631 2427 823 2480 gladium
862 2435 1082 2480 persecuto
1116 2427 1167 2466 ad
1201 2427 1514 2467 defendendum
1550 2443 1592 2468 se
1624 2444 1647 2469 a

326 2498 495 2537 volente
547 2512 646 2537 eum
700 2497 903 2548 occidere,
956 2497 1054 2550 quia
1108 2497 1227 2550 peius
1272 2497 1379 2537 foret
1426 2498 1647 2538 hominem

328 2568 461 2607 occidi
485 2567 541 2607 sic
564 2582 587 2606 a
609 2582 651 2607 se
675 2567 767 2620 ipso
791 2581 918 2620 quam
943 2566 1076 2606 occidi
1111 2567 1161 2606 ab
1194 2566 1292 2617 alio,
1326 2567 1425 2620 quia
1460 2568 1647 2620 primum

327 2647 388 2677 est
421 2637 690 2690 dampnabile
724 2646 763 2677 et
797 2637 1031 2676 secundum
1065 2650 1232 2689 semper
1263 2637 1529 2677 meritorium
1562 2637 1647 2677 sive

378 2774 421 2803 23.
453 2775 491 2802 13:
523 2775 576 2803 sed
605 2784 661 2803 nec
690 2775 795 2803 virtus.
945 2774 988 2802 25.
1026 2775 1063 2801 13:
1097 2776 1250 2810 presentis
1276 2791 1308 2794 —
1335 2774 1521 2802 salvacionis
1551 2774 1646 2802 deest.

326 2821 373 2850 30.
394 2822 423 2850 A
444 2823 474 2850 in
496 2830 609 2857 marg:
631 2821 723 2850 Nota.
764 2821 784 2848 Β
807 2822 836 2848 iu
857 2829 972 2855 marga
994 2820 1073 2848 Nota
1096 2829 1156 2848 non
1178 2821 1326 2856 intelligo.

386 2918 415 2949 3.
444 2918 517 2950 Hus
543 2918 564 2949 l.
591 2929 620 2950 c.
765 2928 815 2959 24.
844 2918 919 2949 Hus
947 2919 966 2949 1.
993 2928 1020 2949 c.
1048 2917 1108 2949 fol.
1136 2915 1333 2949 CXXXHP’.
