2045 3312
278 277 365 305 CAP.
389 264 487 323 xvi]
809 277 867 308 DE
895 274 1129 308 ECCLESIA.
1816 260 1893 314 375

137 399 172 432 N
199 385 551 430 181³nutrimento
586 393 625 424 et
659 390 907 436 tegumento
942 380 1018 419 ista
1051 379 1270 419 conclusio
1315 379 1367 418 sit
1400 379 1609 432 paulative

290 464 329 495 et
362 455 536 508 provide
569 452 805 507 practizata.

348 525 474 565 Sexto
508 523 706 576 arguitur,
741 522 950 562 sumendo
985 521 1102 574 quod
1134 519 1341 573 principes
1374 528 1413 559 et
1446 519 1609 558 domini
1634 561 1642 565 ⁴
1673 524 1856 561 Obiection:

289 595 543 648 temporales
599 593 709 633 licite
754 601 793 632 et
834 592 994 644 absque
1037 600 1211 644 peccato
1250 590 1440 629 vendunt
1483 599 1610 629 terras
1626 560 1907 623 0ὲῖζῖῙέςὲΞῖοὲοῐ

257 675 329 710 5et
375 672 612 704 tenementa
660 675 735 702 sua
766 661 863 701 viris
910 660 1195 701 ecclesiasticis
1241 669 1280 700 et
1323 660 1408 700 suis
1447 631 1903 702 succes-tllaegyceffltagjibagy?

291 735 453 775 soribus
500 735 541 773 in
575 742 843 787 perpetuum,
889 745 987 785 ergo
1021 745 1042 770 a
1076 730 1245 770 forciori
1279 729 1517 770 conferrent
1556 729 1612 769 eis

290 804 541 858 temporalia
584 804 625 842 in
667 812 940 856 perpetuum3
998 809 1037 841 et
1081 810 1348 854 assumptum
1394 800 1611 853 probatur,

292 875 494 928 ponendo
519 874 636 927 quod
659 872 809 926 aliquis
833 871 1034 911 dominus
1068 870 1262 910 secularis
1286 870 1336 910 sit
1359 870 1613 910 constitutus

291 945 333 984 in
367 953 550 984 extrema
583 943 842 995 necessitate,
875 942 982 983 sicut
1015 950 1113 981 sunt
1144 940 1298 981 milites
1331 939 1463 980 nostri
1504 940 1613 994 capti

238 1040 277 1062 10
292 1015 342 1055 ab
365 1014 561 1054 hostibus
584 1014 624 1053 in
649 1013 836 1067 partibus
865 1012 1167 1064 transmarinis,
1191 1025 1266 1051 nec
1298 1011 1448 1051 habeat
1480 1011 1614 1051 dictus
1684 1015 1845 1052 Exampie.

293 1085 494 1125 dominus
543 1083 656 1124 unde
704 1097 745 1123 se
791 1084 929 1137 ipsum
974 1083 1150 1123 redimat
1189 1082 1265 1122 nisi
1309 1082 1533 1121 alienando
1573 1081 1613 1121 in

292 1165 545 1210 perpetuum
590 1168 715 1194 suum
762 1154 1013 1205 manerium,
1058 1162 1097 1193 et
1143 1167 1241 1193 cum
1286 1152 1369 1192 hoc
1413 1166 1613 1206 suppono

294 1227 410 1280 quod
457 1226 598 1265 nullus
642 1225 693 1265 sit
738 1225 810 1278 qui
843 1224 941 1264 velit
985 1237 1122 1264 emere
1167 1223 1329 1263 dictum
1376 1223 1613 1262 manerium

294 1297 370 1335 nisi
394 1295 621 1349 collegium
646 1304 841 1334 nostrum
863 1294 928 1334 vel
951 1294 1063 1334 aliud
1088 1294 1123 1333 ei
1157 1293 1306 1345 simile,
1339 1302 1438 1333 tunc
1468 1294 1612 1333 datum

241 1381 277 1413 15
295 1367 525 1419 collegium
555 1374 721 1405 tenetur
753 1366 931 1404 relevare
964 1364 1125 1404 dictum
1157 1363 1334 1404 militem
1368 1363 1409 1402 in
1433 1373 1615 1403 extrema

295 1437 536 1476 necessitate
570 1436 771 1489 positum,
807 1445 845 1475 et
878 1435 959 1475 hoc
992 1435 1069 1474 sub
1092 1448 1202 1488 pena
1224 1434 1381 1488 peccati
1405 1434 1614 1486 mortalis;

295 1507 365 1547 sed
415 1520 502 1546 non
562 1515 703 1560 potest
749 1505 888 1559 ipsum
939 1506 1119 1545 relevare
1172 1505 1249 1544 nisi
1298 1513 1409 1544 emat
1455 1505 1506 1544 ab
1563 1519 1613 1544 eo

295 1577 546 1629 manerium,
604 1590 704 1630 ergo
752 1584 916 1616 tenetur
959 1576 1001 1614 in
1049 1589 1145 1616 casu
1190 1575 1267 1614 sub
1312 1588 1418 1629 pena
1457 1575 1613 1628 peccati

297 1647 484 1687 mortalis
529 1661 665 1687 emere
707 1661 729 1686 a
774 1646 887 1686 dicto
935 1646 1064 1685 milite
1108 1659 1186 1699 pro
1235 1654 1442 1699 perpetuo
1488 1659 1612 1685 suum

239 1742 280 1764 20
297 1718 544 1760 manerium.

354 1789 432 1828 Iste
477 1802 596 1828 casus
642 1787 750 1828 foret
796 1786 924 1826 michi
969 1786 1094 1825 nimis
1128 1785 1322 1838 difficilis,
1369 1799 1444 1826 nec
1489 1786 1613 1826 video
1692 1800 1841 1826 Answer:

295 1859 484 1899 colorem
518 1858 743 1911 quomodo
778 1856 886 1896 foret
924 1856 1134 1909 possibilis
1179 1856 1257 1894 nisi
1302 1855 1409 1896 forte
1453 1834 1814 1905 dicttlriilssotslss'iictiig
1829 1843 1904 1896 {gf-

296 1928 526 1981 collegium
558 1927 680 1967 fuerit
712 1941 786 1980 per
823 1926 1051 1966 dominum
1094 1926 1220 1966 huius
1265 1925 1392 1965 seculi
1437 1905 1904 1976 vinculisgiiiffnooligiiitbtissss

296 1998 593 2038 insolubilibus
626 2011 873 2036 mammone
921 1996 1153 2049 iniquitatis
1199 1997 1305 2036 adeo
1345 1996 1615 2036 cathenatum

239 2082 278 2115 25
299 2069 415 2123 quod
438 2083 485 2108 ex
518 2068 790 2108 induracione
824 2066 1056 2107 necessario
1080 2066 1337 2120 dampnabili
1370 2080 1459 2105 non
1481 2066 1614 2119 possit

297 2140 457 2179 dictum
506 2138 684 2178 militem
727 2137 1050 2177 misericorditer
1093 2137 1286 2188 relevare,
1330 2137 1401 2175 sed
1448 2149 1614 2176 necesse

295 2210 445 2249 habeat
466 2222 565 2248 eum
586 2208 635 2248 de
652 2207 880 2248 hereditate
898 2215 1071 2261 paterna
1086 2206 1408 2260 dampnabiliter
1422 2206 1613 2259 spoliare.

297 2281 378 2320 Sed
417 2293 492 2319 nec
539 2292 684 2318 casum
716 2278 833 2317 illum
869 2277 1044 2317 libenter
1077 2277 1341 2316 admitterem
1384 2290 1460 2316 nec
1502 2276 1615 2316 aliud

297 2349 532 2389 relevamen
565 2347 708 2388 militis
733 2348 913 2386 omnino
938 2347 1221 2399 excluderem3
1245 2347 1324 2386 tale
1348 2346 1461 2385 enim
1485 2345 1612 2385 colle-

240 2420 415 2472 30gium
459 2420 491 2459 si
537 2419 644 2460 foret
689 2427 794 2458 esset
840 2432 1006 2458 summe
1056 2417 1343 2471 dyabolicum‚
1400 2415 1498 2469 quia
1549 2414 1614 2470 (ut

297 2489 501 2544 innuitur)
527 2505 615 2530 non
647 2498 790 2543 posset
822 2502 894 2541 per
917 2487 1194 2527 elemosinam
1223 2487 1294 2526 sed
1324 2499 1410 2525 non
1435 2485 1510 2524 nisi
1543 2499 1615 2537 per

206 2560 559 2613 181bsacrilegium
579 2558 605 2586 ᾖε
627 2559 787 2598 dictum
821 2557 996 2597 militem
1031 2557 1225 2609 relevare,
1259 2565 1298 2595 et
1329 2569 1468 2595 revera
1500 2556 1613 2594 Deus

296 2642 384 2667 non
430 2638 571 2682 posset
616 2629 771 2668 salvare
814 2627 894 2667 tale
938 2626 1165 2680 collegium
1206 2627 1256 2664 de
1301 2639 1374 2664 sua
1417 2625 1613 2678 potencia

296 2699 501 2739 absoluta.

349 2869 372 2898 3.
395 2870 421 2896 A
443 2869 472 2897 in
494 2877 609 2904 marg:
631 2869 722 2897 Sexta
744 2867 835 2896 racio.
951 2867 975 2895 5,
998 2867 1036 2894 B:
1058 2871 1086 2894 et
1105 2874 1160 2902 per
1180 2871 1367 2894 tenementa.
1484 2872 1513 2899 9.
1535 2865 1562 2891 A
1583 2865 1611 2892 in

298 2924 414 2951 marg:
436 2915 546 2944 Casus.
693 2923 730 2943 21.
753 2915 781 2943 A
803 2915 831 2942 in
854 2922 968 2949 margi:
990 2913 1175 2949 Responsio.
