2045 3312
143 290 229 329 444
874 284 1098 318 JOHANNIS
1125 282 1321 316 wvcmr.
1545 268 1651 328 [CAP.
1673 280 1754 309 xix.

433 391 595 445 passiva
649 401 833 431 creature
887 390 1107 430 racionalis
1159 390 1211 428 ad
1264 389 1534 429 serviendum
1579 390 1669 430 Deo
1715 399 1799 433 etc

434 461 604 501 ecclesie
648 462 883 501 secundum
929 461 1108 514 gradum
1156 459 1313 499 ordinis
1359 459 1593 514 dignitatis3
1633 460 1856 513 necssigm*

434 532 645 572 contendo
679 531 784 571 circa
818 531 1068 585 quiditatem
1097 530 1190 570 talis
1224 530 1455 582 caracteris,
1490 545 1586 570 cum
1621 540 1756 571 certus

434 615 529 642 sum
563 602 679 655 quod
713 615 798 641 non
833 602 885 641 sit
917 615 978 641 res
1013 610 1059 641 ut
1092 609 1197 641 serta
1230 600 1337 654 regis
1371 601 1434 640 vel
1468 601 1640 655 aliquod
1675 601 1756 655 sig-

435 686 539 712 num
572 672 810 725 inpressum
843 673 959 726 quod
993 671 1147 725 poterit
1178 685 1251 724 per
1283 685 1324 710 se
1357 685 1457 711 esse.
1776 679 1792 713 5

174 753 385 782 Predestinate
494 743 701 782 Tenendo
742 757 840 795 ergo
881 742 1111 782 secundam
1149 741 1260 780 viam
1295 742 1345 781 de
1379 741 1582 795 quiditate
1622 755 1758 781 carac-

145 789 205 817 and
235 789 419 816 foreknown
500 812 508 819 ,
598 812 604 819 ,
816 812 823 819 ,
1105 812 1112 819 ,
1488 811 1494 817 ,
1684 811 1690 818 ,
1715 812 1721 818 ,

145 824 291 852 haveme
318 822 533 858 stampteris
567 813 660 852 dico
706 811 879 852 ulterius
913 813 1028 866 quod
1062 812 1168 852 alius
1201 821 1261 851 est
1293 825 1525 851 necessario
1560 812 1758 861 deleb111s‚

186 867 216 887 ¹⁰
238 859 381 931 {iggent
436 893 482 923 ut
527 891 706 922 caracter
752 882 1056 923 ecclesiasticus
1102 883 1141 921 in
1191 882 1390 935 prescitis,
1426 896 1475 921 eo
1509 883 1627 936 quod
1674 895 1760 921 non

436 954 543 994 ultra
589 952 701 992 diem
747 952 889 993 iudicii
936 953 1103 992 durabit
1136 953 1176 992 in
1211 952 1268 993 eis
1302 952 1490 992 officium
1533 953 1759 1006 dignitatis.

439 1024 482 1064 In
517 1022 814 1077 predestinatis
839 1033 979 1063 autem
1005 1032 1172 1076 oportet
1196 1037 1284 1063 esse
1308 1032 1559 1063 caracterem
1583 1023 1760 1063 omnino
1783 1041 1819 1062 xo

436 1094 717 1145 indelebilem,
764 1107 861 1133 cum
911 1093 1090 1147 dignitas
1136 1094 1341 1148 sequendi
1392 1108 1550 1147 agnum
1608 1103 1760 1134 mutuo

438 1164 705 1204 illuminandi
752 1164 1006 1204 conbeatum
1052 1174 1090 1204 et
1134 1164 1394 1218 percipiendi
1434 1164 1619 1204 fructum
1657 1164 1759 1203 vivi·

437 1234 566 1275 ficum
614 1247 700 1273 non
751 1243 894 1288 posset
938 1235 1064 1274 deleri
1109 1234 1151 1273 in
1199 1234 1269 1287 eis,
1303 1243 1343 1274 et
1374 1235 1423 1273 de
1457 1243 1574 1274 tanto
1606 1234 1763 1274 habent

438 1314 689 1346 caracterem
736 1304 894 1345 ordinis
933 1305 998 1344 vel
1038 1313 1290 1345 caracterem
1336 1304 1646 1358 baptismalem.
1712 1305 1763 1344 Et

438 1385 551 1430 patet
589 1376 706 1430 quod
746 1375 1014 1429 predestinati
1050 1385 1088 1415 et
1121 1375 1287 1429 presciti
1323 1376 1559 1415 secundum
1592 1374 1759 1415 diversi-
1782 1380 1818 1413 15

438 1456 567 1488 tatem
613 1446 740 1486 officii
788 1446 991 1500 equivoce
1036 1445 1193 1486 habent
1231 1455 1494 1486 caracterem.
1536 1447 1588 1485 Et
1627 1459 1759 1485 corre-

438 1518 694 1571 spondentes
738 1517 889 1557 dicitur
933 1517 1049 1571 quod
1095 1517 1297 1571 equivoce
1350 1517 1503 1556 habent
1555 1517 1762 1568 ordinem,

440 1588 734 1642 episcopatum
773 1589 838 1627 vel
878 1587 1001 1627 aliam
1037 1588 1356 1628 ecclesiasticam
1393 1587 1630 1640 prelaciam,
1665 1586 1763 1640 quia

440 1658 605 1712 presciti
663 1658 929 1698 ascribuntur
990 1658 1041 1696 ad
1110 1658 1190 1697 tale
1244 1656 1434 1697 officium
1487 1657 1762 1696 solummodo

442 1729 688 1782 temporale,
734 1742 820 1768 non
865 1737 911 1769 ut
956 1737 1198 1768 mereantur
1241 1727 1560 1779 beatitudinem,
1606 1727 1677 1767 sed
1716 1736 1763 1767 ut
1780 1742 1821 1763 20

441 1800 675 1853 mitigando
721 1812 877 1852 penam
924 1812 998 1852 per
1040 1798 1232 1839 accidens
1276 1797 1439 1851 prosint
1483 1797 1666 1837 ecclesie.
1711 1797 1765 1837 Et

441 1870 496 1910 ita
541 1869 785 1910 conceditur
829 1870 946 1924 quod
990 1869 1179 1910 Scarioth
1233 1878 1273 1908 et
1325 1868 1413 1908 eius
1456 1867 1595 1907 vicarii
1649 1877 1764 1908 erant

441 1941 637 1994 apostoli,
671 1939 899 1993 presbiteri,
939 1939 1126 1993 episcopi
1160 1948 1200 1979 et
1231 1939 1391 1993 prelati,
1424 1938 1625 1979 habentes
1664 1952 1761 1992 pro-

442 2010 740 2065 porcionaliter
761 2011 812 2051 ad
836 2024 960 2050 suum
995 2009 1183 2050 officium
1216 2018 1484 2063 potestatem,
1518 2018 1557 2049 et
1588 2010 1639 2049 ad
1672 2018 1761 2048 tan-

441 2091 533 2122 tum
578 2091 681 2135 aput
723 2082 863 2121 Deum
908 2089 1006 2121 sunt
1049 2080 1220 2120 habiles.
1266 2080 1396 2129 Quod
1449 2088 1590 2119 autem
1643 2080 1764 2119 Iudas
1782 2084 1820 2116 25

443 2152 521 2193 fuit
554 2152 789 2206 apostolus,
823 2160 937 2205 patet
978 2150 1152 2191 Matthei
1185 2151 1262 2202 X0,
1295 2150 1364 2190 ubi
1399 2149 1504 2189 inter
1538 2150 1764 2190 duodecim

443 2236 551 2276 quos
591 2222 785 2263 Christus
824 2223 1004 2276 elegerat
1042 2230 1328 2274 computatur,
1363 2229 1401 2260 et
1434 2220 1579 2260 beatus
1618 2221 1765 2260 Petrus

442 2301 615 2332 testatur
648 2293 764 2346 quod
796 2292 967 2332 sortitus
994 2300 1054 2331 est
1077 2300 1233 2331 sortem
1255 2291 1471 2330 ministerii
1502 2291 1764 2343 apostolatus

443 2372 482 2403 et
514 2364 631 2417 quod
663 2363 713 2402 de
746 2363 818 2402 illo
852 2362 1055 2416 scriptum
1088 2370 1149 2401 est
1176 2362 1343 2401 Psalmo
1368 2360 1534 2412 CV1110,
1568 2361 1612 2400 8:
1637 2360 1766 2400 Fiant

443 2433 530 2473 dies
575 2433 664 2472 eius
701 2433 833 2486 pauci
877 2439 915 2472 et
958 2433 1243 2485 episcopatum
1291 2431 1380 2471 eius
1414 2431 1595 2483 accipiat
1635 2432 1767 2480 alter,·
1782 2434 1824 2467 30

444 2513 483 2544 et
516 2504 573 2543 sic
607 2517 703 2543 cum
738 2503 952 2556 singulum
988 2503 1167 2541 istorum
1200 2502 1251 2540 sit
1284 2515 1441 2541 nomen
1476 2500 1617 2552 officii,
1652 2510 1765 2554 patet

444 2576 560 2628 quod
585 2588 670 2614 non
694 2573 900 2627 sequitur:
937 2573 1056 2612 Iudas
1091 2581 1150 2611 est
1182 2572 1414 2625 apostolus,
1449 2571 1672 2624 episcopus
1700 2572 1764 2610 vel

445 2645 651 2695 sacerdos,
696 2658 794 2697 ergo
841 2652 901 2683 est
945 2643 1185 2682 membrum
1218 2643 1282 2682 vel
1316 2642 1366 2682 de
1398 2650 1538 2681 sancta
1580 2641 1762 2683 ecclesia.

499 2803 528 2828 ⁴·
551 2797 629 2820 serta
646 2793 708 2820 sive
729 2797 864 2820 sertum:
882 2800 998 2820 corona
1018 2792 1149 2822 ducalis.
1167 2792 1280 2826 regalis
1295 2791 1361 2819 sive
1380 2791 1560 2825 imperialis.
1634 2790 1662 2817 6.
1686 2791 1711 2818 Α
1733 2791 1762 2818 in

447 2848 564 2874 marg:
588 2838 757 2867 Character
777 2839 898 2867 ordinis
919 2844 963 2866 est
986 2840 1126 2867 delebilis
1148 2839 1175 2866 in
1201 2839 1353 2874 pst-scitis,
1381 2839 1432 2864 sed
1469 2844 1529 2864 non
1564 2839 1607 2864 sic
1640 2838 1669 2864 in
1696 2845 1764 2870 pre-

447 2887 621 2914 destinatis.
750 2886 779 2913 6.
801 2886 839 2912 13:
862 2886 1031 2913 secundam
1055 2887 1158 2913 vitam.
1277 2885 1321 2913 16.
1343 2884 1380 2912 B:
1401 2888 1588 2911 caracterem
1607 2899 1634 2903 -
1653 2885 1764 2910 habent

446 2933 540 2961 deest.
685 2933 726 2961 32.
751 2932 787 2959 B:
811 2938 881 2967 post
902 2933 996 2968 quod.
