2045 3312
188 258 207 296 5
222 270 270 309 ¹4
919 261 1144 296 JOHANNJS
1170 260 1366 295 wchr.
1584 245 1687 305 [CAP.
1715 258 1798 287 xxr.

193 381 449 444 ῐῖἑᾱῑῖῗὲἐῧξιοὲιέ
538 370 591 409 Et
623 378 741 422 patet
776 368 916 421 primo
947 369 1063 422 quod
1102 367 1304 407 ordinans
1338 366 1556 406 hominem
1590 366 1728 419 primo
1762 375 1898 421 et199²¹
1921 376 1951 409 Τ

225 425 350 480 coiifers
371 452 422 492 me
478 439 725 479 immediate
759 439 800 478 in
834 439 1102 479 sacerdotem
1137 451 1186 477 eo
1221 438 1314 491 ipso
1348 438 1420 477 dat
1453 437 1533 477 sibi
1571 437 1637 477 vel
1677 436 1801 476 mini-

228 489 421 562 pssiigixssi'rig
477 509 698 550 sterialiter
743 510 866 562 signo
911 509 1206 549 sacramentali
1267 508 1454 548 ostendit
1504 507 1621 561 quod
1673 506 1802 547 habet

203 558 441 620 niissssl'ssfflssssss
480 590 645 634 septem
679 580 852 620 ordines
886 580 972 620 sive
1007 588 1254 619 caracteres.
1312 579 1434 618 Patet
1474 592 1522 618 ex
1561 578 1642 617 hoc
1682 577 1800 631 quod

477 665 527 691 eo
567 651 660 704 ipso
698 650 907 690 limitatur
952 650 1004 690 ad
1038 658 1297 703 potestatem
1331 648 1651 702 septemplicem
1684 646 1835 701 qu0d5

477 731 540 761 est
590 721 709 761 ordo.
769 721 866 760 Non
921 720 1034 760 enim
1088 720 1198 760 foret
1245 719 1442 760 sacerdos
1488 718 1669 758 univoce
1724 717 1801 757 nisi

481 792 656 832 haberet
708 800 966 844 potestatem
1019 790 1070 830 ad
1116 790 1450 830 ministrandum
1499 800 1802 842 quamcunque

477 861 662 916 speciem
699 861 933 915 spiritualis
973 861 1197 901 ministerii
1239 873 1325 914 quo
1369 857 1528 900 sufficit
1561 859 1803 898 ministrare

480 933 657 973 clericus
692 932 928 986 graduatus
962 930 1152 972 inferior.
1199 931 1336 970 Immo
1370 940 1477 984 quot
1509 939 1609 970 sunt
1642 928 1802 982 species

479 1003 610 1044 officii
645 1004 687 1043 in
721 1017 825 1057 quas
849 1002 1086 1055 graduatus
1118 1001 1375 1055 potestative
1409 1000 1583 1052 sufficit,
1617 1009 1679 1040 tot
1703 1008 1802 1039 sunt
1823 1019 1861 1042 10

478 1074 650 1114 ordines
697 1074 784 1114 sive
837 1082 1084 1113 caracteres.
1140 1073 1303 1114 Omnes
1354 1081 1498 1111 tamen
1544 1080 1643 1110 sunt
1690 1083 1801 1110 unus

478 1145 586 1184 ordo
627 1144 748 1184 cuius
794 1154 932 1194 partes
977 1143 1204 1196 integrales
1248 1144 1391 1182 vocari
1436 1150 1616 1196 possunt
1661 1149 1802 1194 partes

480 1215 756 1269 potestative,
793 1215 901 1254 sicut
935 1228 1032 1267 pars
1066 1214 1257 1253 senarius
1291 1212 1533 1252 communis
1566 1211 1618 1251 ad
1653 1224 1802 1264 quam·

480 1300 649 1340 cunque
691 1285 901 1325 unitatem
942 1285 1032 1325 eius
1072 1293 1251 1324 vocatur
1289 1283 1429 1336 prima
1468 1296 1566 1336 pars
1606 1282 1694 1322 eius
1729 1281 1801 1321 ali-

480 1367 628 1410 quota,
668 1366 708 1396 et
742 1370 838 1409 pars
873 1355 963 1395 eius
1004 1355 1246 1395 communis
1285 1354 1336 1393 acl
1377 1366 1680 1407 quemcunque
1714 1351 1859 1393 eius15

483 1428 698 1467 binarium
745 1427 811 1466 vel
855 1426 1092 1467 ternarium
1134 1433 1312 1464 vocatur
1357 1423 1544 1464 secunda
1589 1432 1629 1463 et
1675 1422 1801 1462 tercia

480 1512 577 1552 pars
611 1497 701 1537 eius
735 1497 944 1551 aliquota,
979 1510 1028 1535 ex
1061 1496 1219 1550 quibus
1247 1494 1458 1548 adequate
1482 1502 1649 1533 constat
1682 1505 1798 1532 sena-

480 1569 581 1609 rius.
636 1568 761 1608 Unde
814 1568 848 1607 si
894 1567 1009 1606 Deus
1055 1579 1131 1620 per
1175 1565 1442 1619 impossibile
1487 1564 1606 1603 daret
1652 1563 1803 1603 clerico

481 1648 741 1693 potestatem
784 1636 1038 1677 conficiendi
1087 1645 1128 1676 et
1173 1649 1258 1674 non
1304 1634 1570 1686 absolvendi,
1616 1634 1684 1673 ille
1719 1646 1802 1672 non

197 1719 241 1744 As
262 1717 312 1744 the
332 1716 456 1744 various
481 1710 593 1750 foret
632 1708 845 1761 sacerdos,
892 1707 924 1747 si
971 1720 1056 1746 non
1104 1706 1325 1760 equivoce,
1373 1714 1411 1744 et
1457 1713 1575 1759 patet
1615 1703 1803 1743 secundo
1821 1723 1863 1745 ρο

234 1753 346 1780 orders
368 1760 419 1779 are

215 1787 434 1850 Cgssbissgdtfiss
482 1780 597 1834 quod
633 1780 742 1819 sicut
765 1792 829 1818 res
869 1777 1124 1818 sacramenti
1147 1775 1323 1828 ordinis,
1357 1776 1414 1815 sic
1448 1789 1512 1815 res
1538 1774 1803 1814 diversorum

296 1845 303 1859 ,

206 1866 298 1892 grace
321 1858 356 1886 of
374 1858 449 1886 each
483 1859 855 1890 sacramentorum
888 1862 980 1888 sese
1011 1847 1300 1887 essencialiter
1323 1855 1660 1899 consequuntur.
1695 1845 1803 1884 Nam

205 1899 462 1956 οοὸτῗπῗίῗιῐξξῃκξίῐὴ
482 1930 653 1974 oportet
677 1920 955 1973 recipientem
981 1917 1211 1958 efficaciter
1235 1917 1430 1956 ordinem
1456 1916 1573 1969 prius
1599 1913 1804 1969 baptizari

259 1965 309 1992 the
330 1969 403 1991 κεί
483 1992 698 2045 baptismo
722 1990 923 2041 flaminis,
947 1989 1057 2029 sicut
1083 1997 1255 2041 oportet
1278 2000 1377 2027 eum
1393 1985 1638 2026 confirmari
1662 1985 1805 2039 aliquo

481 2062 617 2114 gradu
652 2062 794 2100 divine
828 2059 1188 2110 confirmacionis,
1229 2057 1424 2111 sponsari
1458 2056 1585 2109 capiti
1619 2056 1863 2107 ecclesie,25

480 2134 635 2173 habere
693 2131 881 2171 fructum
931 2130 1184 2184 penitencie,
1236 2128 1438 2168 unionem
1487 2126 1710 2166 eucaristie
1765 2135 1803 2165 et

481 2204 735 2243 unccionem
782 2202 922 2255 gracie
968 2209 1278 2241 consummate.
1326 2199 1666 2251 Verumptamen
1714 2195 1904 2249 in³÷199b

481 2273 758 2313 sacramentis
793 2272 951 2313 nostris
984 2271 1258 2311 sensibilibus
1293 2279 1355 2309 est
1378 2269 1486 2308 ordo
1509 2282 1585 2321 per
1609 2267 1802 2308 accidens

204 2362 261 2391 we
282 2367 407 2425 aredapt
426 2367 457 2389 10
482 2358 529 2384 ex
576 2344 851 2384 institucione
904 2342 1092 2393 ecclesie,
1141 2341 1191 2380 ad
1245 2353 1372 2393 quem
1424 2339 1618 2379 ordinem
1666 2338 1800 2390 magis

240 2403 321 2425 alten
366 2404 419 2425 ῘΟΟ

224 2434 315 2461 much
336 2439 368 2460 10
388 2433 438 2460 me
482 2414 768 2468 appreciando
815 2413 1079 2453 intendimus
1125 2424 1256 2465 quam
1298 2411 1349 2449 ad
1391 2423 1478 2449 rem
1518 2410 1583 2448 vel
1616 2408 1803 2448 fructum
1821 2417 1863 2448 30

210 2469 349 2496 ⁰⁰¹W³sd
371 2476 449 2503 ⁵¹g¹¹'
483 2485 739 2525 sacramenti
781 2483 1005 2535 sensibilis,
1046 2492 1087 2522 et
1119 2483 1199 2521 ista
1232 2480 1519 2533 irregularitas
1554 2492 1639 2532 qua
1670 2478 1804 2531 magis

535 2653 555 2673 1.
577 2647 604 2673 Λ
631 2644 661 2672 in
689 2651 803 2679 marga
829 2642 1056 2671 Crisostomus.
1084 2641 1186 2669 Prima
1213 2641 1385 2668 conclusio.
1531 2647 1557 2675 7.
1581 2639 1607 2666 8.
1631 2639 1672 2666 B:
1694 2647 1804 2675 quam·

482 2701 604 2729 cunque
626 2701 725 2727 spem.
854 2699 887 2718 ιι.
909 2691 981 2718 Ain
1002 2697 1118 2723 marg:
1141 2688 1233 2716 Nota.
1360 2695 1398 2721 ¹7·
1422 2687 1446 2713 Α
1471 2686 1499 2712 in
1524 2693 1639 2720 marg:
1662 2684 1805 2712 Secunda

482 2740 656 2767 conclusio.
810 2746 851 2765 22Δ
881 2740 919 2765 Ηε
948 2740 1191 2772 consequentur.
1337 2735 1382 2761 ati.
1405 2735 1430 2761 Α
1453 2735 1508 2768 A,:
1540 2732 1672 2759 fructum
1705 2732 1803 2759 linem,

482 2795 527 2822 πεῖ,
552 2786 590 2813 13:
612 2786 715 2821 gracie
737 2786 929 2813 confirmate.

544 2916 596 2947 24.
624 2906 797 2948 baptismo
826 2903 993 2942 flaminis3
1021 2903 1063 2934 cf.
1091 2903 1196 2933 Trial.
1225 2912 1256 2943 p.
1287 2900 1362 2933 285.
