<?xml version="1.0" encoding="UTF-8"?>
<!DOCTYPE html PUBLIC "-//W3C//DTD XHTML 1.0 Transitional//EN"
    "http://www.w3.org/TR/xhtml1/DTD/xhtml1-transitional.dtd">
<html xmlns="http://www.w3.org/1999/xhtml" xml:lang="en" lang="en">
 <head>
  <title>
</title>
<meta http-equiv="Content-Type" content="text/html;charset=utf-8" />
  <meta name='ocr-system' content='tesseract 3.04.00' />
  <meta name='ocr-capabilities' content='ocr_page ocr_carea ocr_par ocr_line ocrx_word'/>
</head>
<body>
  <div class='ocr_page' id='page_1' title='image "./iohanniswycliftr04wycl_0277.png"; bbox 0 0 2045 3312; ppageno 0'>
   <div class='ocr_carea' id='block_1_1' title="bbox 306 241 1134 300">
    <p class='ocr_par' dir='ltr' id='par_1_1' title="bbox 306 241 1134 300">
     <span class='ocr_line' id='line_1_1' title="bbox 306 241 1134 300; baseline 0.007 -20"><span class='ocrx_word' id='word_1_1' title='bbox 306 251 394 280; x_wconf 77' lang='lat' dir='ltr'>CAP.</span> <span class='ocrx_word' id='word_1_2' title='bbox 412 241 480 300; x_wconf 62' lang='lat' dir='ltr'>xr]</span> <span class='ocrx_word' id='word_1_3' title='bbox 813 255 872 289; x_wconf 85' lang='lat' dir='ltr'>DE</span> <span class='ocrx_word' id='word_1_4' title='bbox 899 254 1134 287; x_wconf 83' lang='lat' dir='ltr'>ECCLESIA.</span> 
     </span>
    </p>
   </div>
   <div class='ocr_carea' id='block_1_2' title="bbox 153 358 1627 2667">
    <p class='ocr_par' dir='ltr' id='par_1_2' title="bbox 153 358 1626 624">
     <span class='ocr_line' id='line_1_2' title="bbox 153 358 1623 413; baseline -0.001 -14"><span class='ocrx_word' id='word_1_5' title='bbox 153 373 188 405; x_wconf 88' lang='grc' dir='ltr'>Η</span> <span class='ocrx_word' id='word_1_6' title='bbox 214 371 289 404; x_wconf 64' lang='lat'>162³</span> <span class='ocrx_word' id='word_1_7' title='bbox 306 359 421 413; x_wconf 88' lang='lat' dir='ltr'>ligari</span> <span class='ocrx_word' id='word_1_8' title='bbox 455 368 494 399; x_wconf 88' lang='lat' dir='ltr'>et</span> <span class='ocrx_word' id='word_1_9' title='bbox 526 359 672 413; x_wconf 76' lang='lat' dir='ltr'>pungi,</span> <span class='ocrx_word' id='word_1_10' title='bbox 716 372 803 399; x_wconf 91' lang='lat' dir='ltr'>non</span> <span class='ocrx_word' id='word_1_11' title='bbox 851 358 957 399; x_wconf 91' lang='lat' dir='ltr'>foret</span> <span class='ocrx_word' id='word_1_12' title='bbox 1000 368 1100 399; x_wconf 87' lang='lat' dir='ltr'>tunc</span> <span class='ocrx_word' id='word_1_13' title='bbox 1136 359 1249 398; x_wconf 87' lang='lat' dir='ltr'>idem</span> <span class='ocrx_word' id='word_1_14' title='bbox 1281 358 1547 413; x_wconf 90' lang='lat' dir='ltr'>privilegium</span> <span class='ocrx_word' id='word_1_15' title='bbox 1582 359 1623 398; x_wconf 91' lang='lat' dir='ltr'>in</span> 
     </span>
     <span class='ocr_line' id='line_1_3' title="bbox 306 429 1626 483; baseline -0.001 -13"><span class='ocrx_word' id='word_1_16' title='bbox 306 430 574 470; x_wconf 84' lang='lat' dir='ltr'>facultatibus</span> <span class='ocrx_word' id='word_1_17' title='bbox 607 438 647 469; x_wconf 90' lang='lat' dir='ltr'>et</span> <span class='ocrx_word' id='word_1_18' title='bbox 679 443 787 483; x_wconf 87' lang='lat' dir='ltr'>pena</span> <span class='ocrx_word' id='word_1_19' title='bbox 820 429 1004 481; x_wconf 75' lang='lat' dir='ltr'>relaxari,</span> <span class='ocrx_word' id='word_1_20' title='bbox 1037 429 1136 482; x_wconf 88' lang='lat' dir='ltr'>quia</span> <span class='ocrx_word' id='word_1_21' title='bbox 1159 442 1299 469; x_wconf 83' lang='lat' dir='ltr'>revera</span> <span class='ocrx_word' id='word_1_22' title='bbox 1329 429 1468 468; x_wconf 89' lang='lat' dir='ltr'>omnis</span> <span class='ocrx_word' id='word_1_23' title='bbox 1491 429 1626 469; x_wconf 89' lang='lat' dir='ltr'>taliter</span> 
     </span>
     <span class='ocr_line' id='line_1_4' title="bbox 306 499 1625 554; baseline -0.001 -14"><span class='ocrx_word' id='word_1_24' title='bbox 306 500 485 554; x_wconf 90' lang='lat' dir='ltr'>cupidus</span> <span class='ocrx_word' id='word_1_25' title='bbox 528 499 658 540; x_wconf 85' lang='lat' dir='ltr'>fastus</span> <span class='ocrx_word' id='word_1_26' title='bbox 707 509 746 540; x_wconf 86' lang='lat' dir='ltr'>et</span> <span class='ocrx_word' id='word_1_27' title='bbox 790 508 962 554; x_wconf 84' lang='lat' dir='ltr'>questus</span> <span class='ocrx_word' id='word_1_28' title='bbox 1007 509 1068 540; x_wconf 89' lang='lat' dir='ltr'>est</span> <span class='ocrx_word' id='word_1_29' title='bbox 1112 499 1251 539; x_wconf 91' lang='lat' dir='ltr'>furens</span> <span class='ocrx_word' id='word_1_30' title='bbox 1310 499 1532 539; x_wconf 82' lang='lat' dir='ltr'><strong>freneticus</strong></span> <span class='ocrx_word' id='word_1_31' title='bbox 1586 509 1625 539; x_wconf 91' lang='lat' dir='ltr'>et</span> 
     </span>
     <span class='ocr_line' id='line_1_5' title="bbox 308 569 1625 624; baseline -0.002 -13"><span class='ocrx_word' id='word_1_32' title='bbox 308 580 532 624; x_wconf 89' lang='lat' dir='ltr'>soporatus</span> <span class='ocrx_word' id='word_1_33' title='bbox 565 570 775 624; x_wconf 85' lang='lat' dir='ltr'>litargicus</span> <span class='ocrx_word' id='word_1_34' title='bbox 800 584 847 610; x_wconf 86' lang='lat' dir='ltr'>ex</span> <span class='ocrx_word' id='word_1_35' title='bbox 871 569 990 611; x_wconf 88' lang='lat' dir='ltr'>fumo</span> <span class='ocrx_word' id='word_1_36' title='bbox 1014 569 1319 624; x_wconf 81' lang='lat' dir='ltr'>temporalium</span> <span class='ocrx_word' id='word_1_37' title='bbox 1340 569 1625 610; x_wconf 88' lang='lat' dir='ltr'>inficiencium</span> 
     </span>
    </p>

    <p class='ocr_par' dir='ltr' id='par_1_3' title="bbox 273 640 747 686">
     <span class='ocr_line' id='line_1_6' title="bbox 273 640 747 686; baseline 0 -5"><span class='ocrx_word' id='word_1_38' title='bbox 273 654 289 686; x_wconf 83' lang='lat'><strong>5</strong></span> <span class='ocrx_word' id='word_1_39' title='bbox 308 642 526 681; x_wconf 89' lang='lat' dir='ltr'>cerebrum</span> <span class='ocrx_word' id='word_1_40' title='bbox 556 640 747 681; x_wconf 84' lang='lat' dir='ltr'>racionis.</span> 
     </span>
    </p>

    <p class='ocr_par' dir='ltr' id='par_1_4' title="bbox 272 711 1626 907">
     <span class='ocr_line' id='line_1_7' title="bbox 272 711 1626 766; baseline -0.001 -14"><span class='ocrx_word' id='word_1_41' title='bbox 272 723 292 757; x_wconf 94' lang='lat'>1</span> <span class='ocrx_word' id='word_1_42' title='bbox 365 713 418 752; x_wconf 89' lang='lat' dir='ltr'>Et</span> <span class='ocrx_word' id='word_1_43' title='bbox 461 720 575 765; x_wconf 86' lang='lat' dir='ltr'>patet</span> <span class='ocrx_word' id='word_1_44' title='bbox 624 726 697 765; x_wconf 91' lang='lat' dir='ltr'>per</span> <span class='ocrx_word' id='word_1_45' title='bbox 740 712 920 752; x_wconf 88' lang='lat' dir='ltr'>modum</span> <span class='ocrx_word' id='word_1_46' title='bbox 965 712 1120 766; x_wconf 85' lang='lat' dir='ltr'>epilogi</span> <span class='ocrx_word' id='word_1_47' title='bbox 1180 711 1402 766; x_wconf 87' lang='lat' dir='ltr'>quomodo</span> <span class='ocrx_word' id='word_1_48' title='bbox 1459 720 1626 764; x_wconf 87' lang='lat' dir='ltr'>oportet</span> 
     </span>
     <span class='ocr_line' id='line_1_8' title="bbox 306 780 1626 837; baseline -0.002 -15"><span class='ocrx_word' id='word_1_49' title='bbox 306 782 572 836; x_wconf 87' lang='lat' dir='ltr'>privilegium</span> <span class='ocrx_word' id='word_1_50' title='bbox 605 782 662 823; x_wconf 93' lang='lat' dir='ltr'>sic</span> <span class='ocrx_word' id='word_1_51' title='bbox 697 782 955 836; x_wconf 85' lang='lat' dir='ltr'>interpretari</span> <span class='ocrx_word' id='word_1_52' title='bbox 980 783 1097 837; x_wconf 85' lang='lat' dir='ltr'>quod</span> <span class='ocrx_word' id='word_1_53' title='bbox 1122 781 1285 835; x_wconf 84' lang='lat' dir='ltr'>fugitivi</span> <span class='ocrx_word' id='word_1_54' title='bbox 1320 782 1371 820; x_wconf 87' lang='lat' dir='ltr'>ad</span> <span class='ocrx_word' id='word_1_55' title='bbox 1401 781 1545 821; x_wconf 89' lang='lat' dir='ltr'>locum</span> <span class='ocrx_word' id='word_1_56' title='bbox 1569 780 1626 820; x_wconf 91' lang='lat' dir='ltr'>sic</span> 
     </span>
     <span class='ocr_line' id='line_1_9' title="bbox 308 841 1624 907; baseline -0.002 -15"><span class='ocrx_word' id='word_1_57' title='bbox 308 853 617 906; x_wconf 80' lang='lat' dir='ltr'>privilegiatum</span> <span class='ocrx_word' id='word_1_58' title='bbox 651 867 728 907; x_wconf 91' lang='lat' dir='ltr'>pro</span> <span class='ocrx_word' id='word_1_59' title='bbox 757 867 1015 907; x_wconf 85' lang='lat' dir='ltr'>quocunque</span> <span class='ocrx_word' id='word_1_60' title='bbox 1041 852 1271 893; x_wconf 90' lang='lat' dir='ltr'>commisso</span> <span class='ocrx_word' id='word_1_61' title='bbox 1305 852 1486 891; x_wconf 85' lang='lat' dir='ltr'>babeant</span> <span class='ocrx_word' id='word_1_62' title='bbox 1507 841 1624 891; x_wconf 74' lang='lat' dir='ltr'>liber-</span> 
     </span>
    </p>

    <p class='ocr_par' dir='ltr' id='par_1_5' title="bbox 214 922 1626 974">
     <span class='ocr_line' id='line_1_10' title="bbox 214 922 1626 974; baseline -0.001 -11"><span class='ocrx_word' id='word_1_63' title='bbox 214 933 289 967; x_wconf 70' lang='lat' dir='ltr'>1132h</span> <span class='ocrx_word' id='word_1_64' title='bbox 306 932 433 963; x_wconf 82' lang='lat' dir='ltr'>tatem</span> <span class='ocrx_word' id='word_1_65' title='bbox 448 923 473 951; x_wconf 65' lang='lat'>²³³</span> <span class='ocrx_word' id='word_1_66' title='bbox 488 924 552 963; x_wconf 82' lang='lat' dir='ltr'>vel</span> <span class='ocrx_word' id='word_1_67' title='bbox 570 924 884 964; x_wconf 89' lang='lat' dir='ltr'>immunitatem</span> <span class='ocrx_word' id='word_1_68' title='bbox 900 923 1196 964; x_wconf 81' lang='lat' dir='ltr'>omnimodam</span> <span class='ocrx_word' id='word_1_69' title='bbox 1213 923 1447 963; x_wconf 89' lang='lat' dir='ltr'>secundum</span> <span class='ocrx_word' id='word_1_70' title='bbox 1463 922 1626 974; x_wconf 85' lang='lat' dir='ltr'>regulas</span> 
     </span>
    </p>

    <p class='ocr_par' dir='ltr' id='par_1_6' title="bbox 249 993 1627 1330">
     <span class='ocr_line' id='line_1_11' title="bbox 249 993 1625 1048; baseline -0.001 -15"><span class='ocrx_word' id='word_1_71' title='bbox 249 1017 288 1039; x_wconf 82' lang='lat'>10</span> <span class='ocrx_word' id='word_1_72' title='bbox 306 993 485 1034; x_wconf 87' lang='lat' dir='ltr'>caritatis</span> <span class='ocrx_word' id='word_1_73' title='bbox 518 1003 557 1034; x_wconf 91' lang='lat' dir='ltr'>et</span> <span class='ocrx_word' id='word_1_74' title='bbox 590 994 873 1034; x_wconf 84' lang='lat' dir='ltr'>misericordie</span> <span class='ocrx_word' id='word_1_75' title='bbox 902 1009 925 1034; x_wconf 87' lang='lat' dir='ltr'>a</span> <span class='ocrx_word' id='word_1_76' title='bbox 958 1008 1053 1048; x_wconf 84' lang='lat' dir='ltr'>rege</span> <span class='ocrx_word' id='word_1_77' title='bbox 1086 1003 1125 1034; x_wconf 91' lang='lat' dir='ltr'>et</span> <span class='ocrx_word' id='word_1_78' title='bbox 1157 1007 1285 1047; x_wconf 86' lang='lat' dir='ltr'>regno</span> <span class='ocrx_word' id='word_1_79' title='bbox 1325 1007 1422 1033; x_wconf 88' lang='lat' dir='ltr'>cum</span> <span class='ocrx_word' id='word_1_80' title='bbox 1455 993 1625 1046; x_wconf 86' lang='lat' dir='ltr'>paribus</span> 
     </span>
     <span class='ocr_line' id='line_1_12' title="bbox 307 1063 1625 1118; baseline -0.002 -14"><span class='ocrx_word' id='word_1_81' title='bbox 307 1065 363 1104; x_wconf 92' lang='lat' dir='ltr'>eis</span> <span class='ocrx_word' id='word_1_82' title='bbox 397 1065 593 1113; x_wconf 85' lang='lat' dir='ltr'>dandam,</span> <span class='ocrx_word' id='word_1_83' title='bbox 641 1065 697 1104; x_wconf 88' lang='lat' dir='ltr'>sic</span> <span class='ocrx_word' id='word_1_84' title='bbox 743 1065 860 1118; x_wconf 89' lang='lat' dir='ltr'>quod</span> <span class='ocrx_word' id='word_1_85' title='bbox 903 1078 1032 1104; x_wconf 90' lang='lat' dir='ltr'>omne</span> <span class='ocrx_word' id='word_1_86' title='bbox 1072 1064 1262 1104; x_wconf 88' lang='lat' dir='ltr'>dandum</span> <span class='ocrx_word' id='word_1_87' title='bbox 1294 1073 1416 1104; x_wconf 86' lang='lat' dir='ltr'>sonet</span> <span class='ocrx_word' id='word_1_88' title='bbox 1449 1072 1536 1103; x_wconf 87' lang='lat' dir='ltr'>tam</span> <span class='ocrx_word' id='word_1_89' title='bbox 1568 1063 1625 1102; x_wconf 90' lang='lat' dir='ltr'>eis</span> 
     </span>
     <span class='ocr_line' id='line_1_13' title="bbox 305 1133 1627 1189; baseline -0.002 -14"><span class='ocrx_word' id='word_1_90' title='bbox 305 1149 435 1189; x_wconf 82' lang='lat' dir='ltr'>quam</span> <span class='ocrx_word' id='word_1_91' title='bbox 469 1136 663 1175; x_wconf 88' lang='lat' dir='ltr'>dantibus</span> <span class='ocrx_word' id='word_1_92' title='bbox 701 1136 865 1175; x_wconf 90' lang='lat' dir='ltr'>bonum</span> <span class='ocrx_word' id='word_1_93' title='bbox 894 1136 1007 1176; x_wconf 90' lang='lat' dir='ltr'>utile.</span> <span class='ocrx_word' id='word_1_94' title='bbox 1042 1136 1103 1175; x_wconf 92' lang='lat' dir='ltr'>De</span> <span class='ocrx_word' id='word_1_95' title='bbox 1126 1134 1359 1175; x_wconf 83' lang='lat' dir='ltr'>diversitate</span> <span class='ocrx_word' id='word_1_96' title='bbox 1392 1148 1491 1174; x_wconf 82' lang='lat' dir='ltr'>vero</span> <span class='ocrx_word' id='word_1_97' title='bbox 1520 1133 1627 1174; x_wconf 89' lang='lat' dir='ltr'>inter</span> 
     </span>
     <span class='ocr_line' id='line_1_14' title="bbox 306 1205 1626 1260; baseline -0.002 -14"><span class='ocrx_word' id='word_1_98' title='bbox 306 1206 476 1257; x_wconf 81' lang='lat' dir='ltr'>crimen,</span> <span class='ocrx_word' id='word_1_99' title='bbox 511 1206 670 1246; x_wconf 86' lang='lat' dir='ltr'>facinus</span> <span class='ocrx_word' id='word_1_100' title='bbox 702 1216 828 1260; x_wconf 82' lang='lat' dir='ltr'>atque</span> <span class='ocrx_word' id='word_1_101' title='bbox 850 1206 1063 1260; x_wconf 85' lang='lat' dir='ltr'>flagicium</span> <span class='ocrx_word' id='word_1_102' title='bbox 1092 1205 1251 1246; x_wconf 89' lang='lat' dir='ltr'>dictum</span> <span class='ocrx_word' id='word_1_103' title='bbox 1276 1214 1337 1245; x_wconf 88' lang='lat' dir='ltr'>est</span> <span class='ocrx_word' id='word_1_104' title='bbox 1358 1206 1497 1245; x_wconf 74' lang='lat' dir='ltr'>XXVO</span> <span class='ocrx_word' id='word_1_105' title='bbox 1522 1218 1626 1257; x_wconf 86' lang='lat' dir='ltr'>cap.,</span> 
     </span>
     <span class='ocr_line' id='line_1_15' title="bbox 305 1273 1625 1330; baseline -0.001 -16"><span class='ocrx_word' id='word_1_106' title='bbox 305 1276 394 1315; x_wconf 86' lang='lat' dir='ltr'>libri</span> <span class='ocrx_word' id='word_1_107' title='bbox 419 1273 485 1316; x_wconf 89' lang='lat' dir='ltr'>VIi</span> <span class='ocrx_word' id='word_1_108' title='bbox 519 1277 741 1330; x_wconf 89' lang='lat' dir='ltr'>quomodo</span> <span class='ocrx_word' id='word_1_109' title='bbox 776 1275 934 1316; x_wconf 89' lang='lat' dir='ltr'>facinus</span> <span class='ocrx_word' id='word_1_110' title='bbox 968 1285 1090 1316; x_wconf 85' lang='lat' dir='ltr'>sonat</span> <span class='ocrx_word' id='word_1_111' title='bbox 1112 1275 1154 1314; x_wconf 90' lang='lat' dir='ltr'>in</span> <span class='ocrx_word' id='word_1_112' title='bbox 1185 1275 1366 1329; x_wconf 85' lang='lat' dir='ltr'>proximi</span> <span class='ocrx_word' id='word_1_113' title='bbox 1408 1274 1625 1323; x_wconf 81' lang='lat' dir='ltr'>iniuriam;</span> 
     </span>
    </p>

    <p class='ocr_par' dir='ltr' id='par_1_7' title="bbox 251 1345 1626 1684">
     <span class='ocr_line' id='line_1_16' title="bbox 251 1345 1623 1400; baseline -0.001 -15"><span class='ocrx_word' id='word_1_114' title='bbox 251 1361 287 1393; x_wconf 77' lang='lat'>15</span> <span class='ocrx_word' id='word_1_115' title='bbox 304 1348 354 1386; x_wconf 89' lang='lat' dir='ltr'>de</span> <span class='ocrx_word' id='word_1_116' title='bbox 379 1346 580 1400; x_wconf 82' lang='lat' dir='ltr'>quiditate</span> <span class='ocrx_word' id='word_1_117' title='bbox 613 1356 755 1387; x_wconf 87' lang='lat' dir='ltr'>autem</span> <span class='ocrx_word' id='word_1_118' title='bbox 778 1346 981 1400; x_wconf 81' lang='lat' dir='ltr'>privilegii</span> <span class='ocrx_word' id='word_1_119' title='bbox 1005 1346 1166 1386; x_wconf 91' lang='lat' dir='ltr'>dictum</span> <span class='ocrx_word' id='word_1_120' title='bbox 1194 1354 1255 1386; x_wconf 90' lang='lat' dir='ltr'>est</span> <span class='ocrx_word' id='word_1_121' title='bbox 1277 1345 1483 1399; x_wconf 90' lang='lat' dir='ltr'>superius,</span> <span class='ocrx_word' id='word_1_122' title='bbox 1508 1345 1623 1385; x_wconf 89' lang='lat' dir='ltr'>VIIIO</span> 
     </span>
     <span class='ocr_line' id='line_1_17' title="bbox 307 1415 1626 1470; baseline -0.002 -13"><span class='ocrx_word' id='word_1_123' title='bbox 307 1431 394 1470; x_wconf 87' lang='lat' dir='ltr'>cap.</span> <span class='ocrx_word' id='word_1_124' title='bbox 429 1417 555 1457; x_wconf 88' lang='lat' dir='ltr'>huius</span> <span class='ocrx_word' id='word_1_125' title='bbox 577 1417 692 1470; x_wconf 81' lang='lat' dir='ltr'>libri3</span> <span class='ocrx_word' id='word_1_126' title='bbox 727 1426 767 1457; x_wconf 88' lang='lat' dir='ltr'>et</span> <span class='ocrx_word' id='word_1_127' title='bbox 789 1431 887 1456; x_wconf 88' lang='lat' dir='ltr'>curn</span> <span class='ocrx_word' id='word_1_128' title='bbox 910 1426 1080 1470; x_wconf 87' lang='lat' dir='ltr'>oportet</span> <span class='ocrx_word' id='word_1_129' title='bbox 1102 1426 1147 1457; x_wconf 91' lang='lat' dir='ltr'>ut</span> <span class='ocrx_word' id='word_1_130' title='bbox 1170 1416 1426 1469; x_wconf 83' lang='lat' dir='ltr'>intelligatur</span> <span class='ocrx_word' id='word_1_131' title='bbox 1449 1415 1626 1456; x_wconf 78' lang='lat' dir='ltr'>libertas</span> 
     </span>
     <span class='ocr_line' id='line_1_18' title="bbox 303 1484 1626 1542; baseline -0.002 -15"><span class='ocrx_word' id='word_1_132' title='bbox 303 1501 328 1527; x_wconf 82' lang='grc' dir='ltr'><em>α</em></span> <span class='ocrx_word' id='word_1_133' title='bbox 355 1494 532 1540; x_wconf 72' lang='lat' dir='ltr'>peccalo</span> <span class='ocrx_word' id='word_1_134' title='bbox 555 1485 620 1540; x_wconf 81' lang='lat' dir='ltr'>(ut</span> <span class='ocrx_word' id='word_1_135' title='bbox 641 1488 830 1542; x_wconf 87' lang='lat' dir='ltr'>loquitur</span> <span class='ocrx_word' id='word_1_136' title='bbox 852 1487 1086 1541; x_wconf 89' lang='lat' dir='ltr'>Apostolus</span> <span class='ocrx_word' id='word_1_137' title='bbox 1112 1488 1237 1527; x_wconf 88' lang='lat' dir='ltr'>Rom.</span> <span class='ocrx_word' id='word_1_138' title='bbox 1261 1487 1352 1539; x_wconf 75' lang='lat' dir='ltr'>VIO,</span> <span class='ocrx_word' id='word_1_139' title='bbox 1388 1484 1480 1539; x_wconf 81' lang='lat'>22);</span> <span class='ocrx_word' id='word_1_140' title='bbox 1512 1494 1626 1539; x_wconf 87' lang='lat' dir='ltr'>patet</span> 
     </span>
     <span class='ocr_line' id='line_1_19' title="bbox 304 1556 1625 1612; baseline -0.002 -15"><span class='ocrx_word' id='word_1_141' title='bbox 304 1559 421 1611; x_wconf 87' lang='lat' dir='ltr'>quod</span> <span class='ocrx_word' id='word_1_142' title='bbox 454 1558 702 1599; x_wconf 87' lang='lat' dir='ltr'>immunitas</span> <span class='ocrx_word' id='word_1_143' title='bbox 734 1558 993 1612; x_wconf 89' lang='lat' dir='ltr'>pertinenter</span> <span class='ocrx_word' id='word_1_144' title='bbox 1025 1567 1085 1598; x_wconf 87' lang='lat' dir='ltr'>est</span> <span class='ocrx_word' id='word_1_145' title='bbox 1117 1557 1343 1611; x_wconf 82' lang='lat' dir='ltr'>indignitas</span> <span class='ocrx_word' id='word_1_146' title='bbox 1368 1557 1552 1597; x_wconf 89' lang='lat' dir='ltr'>criminis</span> <span class='ocrx_word' id='word_1_147' title='bbox 1574 1556 1625 1595; x_wconf 85' lang='lat' dir='ltr'>ad</span> 
     </span>
     <span class='ocr_line' id='line_1_20' title="bbox 303 1627 1626 1684; baseline -0.002 -16"><span class='ocrx_word' id='word_1_148' title='bbox 303 1638 566 1669; x_wconf 90' lang='lat' dir='ltr'>tormentum</span> <span class='ocrx_word' id='word_1_149' title='bbox 611 1628 677 1684; x_wconf 83' lang='lat' dir='ltr'>(ut</span> <span class='ocrx_word' id='word_1_150' title='bbox 715 1628 903 1682; x_wconf 86' lang='lat' dir='ltr'>loquitur</span> <span class='ocrx_word' id='word_1_151' title='bbox 942 1628 1145 1682; x_wconf 89' lang='lat' dir='ltr'>scriptura</span> <span class='ocrx_word' id='word_1_152' title='bbox 1183 1627 1359 1668; x_wconf 89' lang='lat' dir='ltr'>Jeremie</span> <span class='ocrx_word' id='word_1_153' title='bbox 1405 1628 1542 1668; x_wconf 74' lang='lat' dir='ltr'>XXV0</span> <span class='ocrx_word' id='word_1_154' title='bbox 1588 1636 1626 1666; x_wconf 91' lang='lat' dir='ltr'>et</span> 
     </span>
    </p>

    <p class='ocr_par' dir='ltr' id='par_1_8' title="bbox 248 1697 1627 2029">
     <span class='ocr_line' id='line_1_21' title="bbox 248 1697 1627 1754; baseline -0.001 -16"><span class='ocrx_word' id='word_1_155' title='bbox 248 1723 288 1745; x_wconf 81' lang='lat'>20</span> <span class='ocrx_word' id='word_1_156' title='bbox 303 1698 620 1739; x_wconf 82' lang='lat' dir='ltr'>Ecclesiasticus</span> <span class='ocrx_word' id='word_1_157' title='bbox 638 1698 734 1740; x_wconf 88' lang='lat' dir='ltr'>VIIo</span> <span class='ocrx_word' id='word_1_158' title='bbox 759 1697 884 1754; x_wconf 71' lang='lat' dir='ltr'>cap).</span> <span class='ocrx_word' id='word_1_159' title='bbox 903 1698 1201 1739; x_wconf 90' lang='lat' dir='ltr'>Communiter</span> <span class='ocrx_word' id='word_1_160' title='bbox 1223 1708 1361 1739; x_wconf 90' lang='lat' dir='ltr'>autem</span> <span class='ocrx_word' id='word_1_161' title='bbox 1384 1697 1627 1751; x_wconf 86' lang='lat' dir='ltr'>intelligitur</span> 
     </span>
     <span class='ocr_line' id='line_1_22' title="bbox 303 1768 1625 1823; baseline -0.001 -15"><span class='ocrx_word' id='word_1_162' title='bbox 303 1770 353 1808; x_wconf 92' lang='lat' dir='ltr'>de</span> <span class='ocrx_word' id='word_1_163' title='bbox 386 1770 600 1810; x_wconf 82' lang='lat' dir='ltr'>mundicia</span> <span class='ocrx_word' id='word_1_164' title='bbox 623 1784 645 1809; x_wconf 89' lang='lat' dir='ltr'>a</span> <span class='ocrx_word' id='word_1_165' title='bbox 669 1769 851 1810; x_wconf 90' lang='lat' dir='ltr'>facinore</span> <span class='ocrx_word' id='word_1_166' title='bbox 881 1770 998 1823; x_wconf 87' lang='lat' dir='ltr'>quod</span> <span class='ocrx_word' id='word_1_167' title='bbox 1022 1769 1063 1809; x_wconf 90' lang='lat' dir='ltr'>in</span> <span class='ocrx_word' id='word_1_168' title='bbox 1087 1769 1240 1822; x_wconf 88' lang='lat' dir='ltr'>Anglia</span> <span class='ocrx_word' id='word_1_169' title='bbox 1273 1769 1424 1809; x_wconf 88' lang='lat' dir='ltr'>dicitur</span> <span class='ocrx_word' id='word_1_170' title='bbox 1457 1768 1625 1819; x_wconf 82' lang='lat' dir='ltr'>felonia,</span> 
     </span>
     <span class='ocr_line' id='line_1_23' title="bbox 303 1839 1625 1893; baseline -0.002 -14"><span class='ocrx_word' id='word_1_171' title='bbox 303 1849 342 1879; x_wconf 88' lang='lat' dir='ltr'>et</span> <span class='ocrx_word' id='word_1_172' title='bbox 375 1849 437 1880; x_wconf 90' lang='lat' dir='ltr'>est</span> <span class='ocrx_word' id='word_1_173' title='bbox 470 1840 654 1893; x_wconf 88' lang='lat' dir='ltr'>quedam</span> <span class='ocrx_word' id='word_1_174' title='bbox 687 1840 845 1893; x_wconf 89' lang='lat' dir='ltr'>species</span> <span class='ocrx_word' id='word_1_175' title='bbox 878 1839 1077 1880; x_wconf 86' lang='lat' dir='ltr'>libertatis</span> <span class='ocrx_word' id='word_1_176' title='bbox 1112 1853 1242 1893; x_wconf 84' lang='lat' dir='ltr'>quam</span> <span class='ocrx_word' id='word_1_177' title='bbox 1265 1839 1440 1893; x_wconf 89' lang='lat' dir='ltr'>quidam</span> <span class='ocrx_word' id='word_1_178' title='bbox 1471 1847 1625 1878; x_wconf 83' lang='lat' dir='ltr'>vocant</span> 
     </span>
     <span class='ocr_line' id='line_1_24' title="bbox 304 1908 1622 1951; baseline -0.002 -3"><span class='ocrx_word' id='word_1_179' title='bbox 304 1909 571 1950; x_wconf 86' lang='lat' dir='ltr'>franchisiam</span> <span class='ocrx_word' id='word_1_180' title='bbox 596 1919 636 1950; x_wconf 91' lang='lat' dir='ltr'>et</span> <span class='ocrx_word' id='word_1_181' title='bbox 658 1910 839 1951; x_wconf 85' lang='lat' dir='ltr'>sumitur</span> <span class='ocrx_word' id='word_1_182' title='bbox 861 1924 974 1950; x_wconf 91' lang='lat' dir='ltr'>nunc</span> <span class='ocrx_word' id='word_1_183' title='bbox 998 1909 1207 1950; x_wconf 85' lang='lat' dir='ltr'>extensius</span> <span class='ocrx_word' id='word_1_184' title='bbox 1233 1919 1272 1950; x_wconf 91' lang='lat' dir='ltr'>et</span> <span class='ocrx_word' id='word_1_185' title='bbox 1294 1923 1407 1950; x_wconf 90' lang='lat' dir='ltr'>nunc</span> <span class='ocrx_word' id='word_1_186' title='bbox 1423 1908 1622 1949; x_wconf 89' lang='lat' dir='ltr'>striccius.</span> 
     </span>
     <span class='ocr_line' id='line_1_25' title="bbox 306 1979 1624 2029; baseline -0.002 -9"><span class='ocrx_word' id='word_1_187' title='bbox 306 1981 426 2020; x_wconf 91' lang='lat' dir='ltr'>Unde</span> <span class='ocrx_word' id='word_1_188' title='bbox 460 1981 664 2020; x_wconf 79' lang='lat' dir='ltr'>immunis</span> <span class='ocrx_word' id='word_1_189' title='bbox 709 1980 860 2021; x_wconf 90' lang='lat' dir='ltr'>dicitur</span> <span class='ocrx_word' id='word_1_190' title='bbox 903 1981 953 2020; x_wconf 89' lang='lat' dir='ltr'>ab</span> <span class='ocrx_word' id='word_1_191' title='bbox 999 1982 1041 2021; x_wconf 86' lang='lat' dir='ltr'>in</span> <span class='ocrx_word' id='word_1_192' title='bbox 1082 1990 1121 2020; x_wconf 94' lang='lat' dir='ltr'>et</span> <span class='ocrx_word' id='word_1_193' title='bbox 1162 1981 1357 2020; x_wconf 77' lang='lat' dir='ltr'>munium</span> <span class='ocrx_word' id='word_1_194' title='bbox 1403 1979 1624 2029; x_wconf 88' lang='lat' dir='ltr'>tributum,</span> 
     </span>
    </p>

    <p class='ocr_par' dir='ltr' id='par_1_9' title="bbox 247 2048 1625 2386">
     <span class='ocr_line' id='line_1_26' title="bbox 247 2048 1625 2104; baseline -0.001 -15"><span class='ocrx_word' id='word_1_195' title='bbox 247 2050 425 2104; x_wconf 79' lang='lat' dir='ltr'>25quasi</span> <span class='ocrx_word' id='word_1_196' title='bbox 472 2050 574 2090; x_wconf 90' lang='lat' dir='ltr'>liber</span> <span class='ocrx_word' id='word_1_197' title='bbox 618 2065 642 2091; x_wconf 87' lang='lat' dir='ltr'>a</span> <span class='ocrx_word' id='word_1_198' title='bbox 684 2050 926 2091; x_wconf 91' lang='lat' dir='ltr'>reddicione</span> <span class='ocrx_word' id='word_1_199' title='bbox 971 2050 1130 2102; x_wconf 89' lang='lat' dir='ltr'>tributi,</span> <span class='ocrx_word' id='word_1_200' title='bbox 1176 2059 1222 2090; x_wconf 91' lang='lat' dir='ltr'>ut</span> <span class='ocrx_word' id='word_1_201' title='bbox 1266 2059 1327 2090; x_wconf 90' lang='lat' dir='ltr'>est</span> <span class='ocrx_word' id='word_1_202' title='bbox 1371 2063 1515 2103; x_wconf 87' lang='lat' dir='ltr'>expers</span> <span class='ocrx_word' id='word_1_203' title='bbox 1559 2048 1625 2088; x_wconf 88' lang='lat' dir='ltr'>vel</span> 
     </span>
     <span class='ocr_line' id='line_1_27' title="bbox 307 2120 1625 2175; baseline -0.001 -16"><span class='ocrx_word' id='word_1_204' title='bbox 307 2120 467 2160; x_wconf 86' lang='lat' dir='ltr'>alienus</span> <span class='ocrx_word' id='word_1_205' title='bbox 499 2135 521 2159; x_wconf 87' lang='lat' dir='ltr'>a</span> <span class='ocrx_word' id='word_1_206' title='bbox 552 2129 669 2161; x_wconf 87' lang='lat' dir='ltr'>reatu</span> <span class='ocrx_word' id='word_1_207' title='bbox 704 2130 743 2161; x_wconf 90' lang='lat' dir='ltr'>et</span> <span class='ocrx_word' id='word_1_208' title='bbox 773 2135 868 2161; x_wconf 88' lang='lat' dir='ltr'>vere</span> <span class='ocrx_word' id='word_1_209' title='bbox 899 2121 1117 2175; x_wconf 87' lang='lat' dir='ltr'>loquendo</span> <span class='ocrx_word' id='word_1_210' title='bbox 1151 2121 1291 2161; x_wconf 88' lang='lat' dir='ltr'>solum</span> <span class='ocrx_word' id='word_1_211' title='bbox 1322 2120 1481 2172; x_wconf 76' lang='lat' dir='ltr'>insons,</span> <span class='ocrx_word' id='word_1_212' title='bbox 1521 2120 1625 2159; x_wconf 91' lang='lat' dir='ltr'>dum</span> 
     </span>
     <span class='ocr_line' id='line_1_28' title="bbox 304 2190 1624 2246; baseline -0.002 -16"><span class='ocrx_word' id='word_1_213' title='bbox 304 2205 390 2230; x_wconf 91' lang='lat' dir='ltr'>non</span> <span class='ocrx_word' id='word_1_214' title='bbox 423 2200 484 2231; x_wconf 89' lang='lat' dir='ltr'>est</span> <span class='ocrx_word' id='word_1_215' title='bbox 517 2191 668 2245; x_wconf 87' lang='lat' dir='ltr'>dignus</span> <span class='ocrx_word' id='word_1_216' title='bbox 702 2192 758 2232; x_wconf 91' lang='lat' dir='ltr'>sic</span> <span class='ocrx_word' id='word_1_217' title='bbox 791 2192 945 2246; x_wconf 89' lang='lat' dir='ltr'>puniri.</span> <span class='ocrx_word' id='word_1_218' title='bbox 999 2191 1162 2232; x_wconf 89' lang='lat' dir='ltr'>Dicitur</span> <span class='ocrx_word' id='word_1_219' title='bbox 1198 2191 1385 2231; x_wconf 88' lang='lat' dir='ltr'>inmunis</span> <span class='ocrx_word' id='word_1_220' title='bbox 1418 2190 1475 2230; x_wconf 91' lang='lat' dir='ltr'>sic</span> <span class='ocrx_word' id='word_1_221' title='bbox 1508 2190 1624 2243; x_wconf 88' lang='lat' dir='ltr'>quod</span> 
     </span>
     <span class='ocr_line' id='line_1_29' title="bbox 304 2260 1623 2316; baseline -0.002 -16"><span class='ocrx_word' id='word_1_222' title='bbox 304 2261 550 2302; x_wconf 87' lang='lat' dir='ltr'>immunitas</span> <span class='ocrx_word' id='word_1_223' title='bbox 574 2271 817 2316; x_wconf 89' lang='lat' dir='ltr'>opponatur</span> <span class='ocrx_word' id='word_1_224' title='bbox 838 2262 985 2314; x_wconf 82' lang='lat' dir='ltr'>reatui,</span> <span class='ocrx_word' id='word_1_225' title='bbox 1010 2263 1062 2302; x_wconf 87' lang='lat' dir='ltr'>ad</span> <span class='ocrx_word' id='word_1_226' title='bbox 1093 2276 1221 2316; x_wconf 87' lang='lat' dir='ltr'>quem</span> <span class='ocrx_word' id='word_1_227' title='bbox 1247 2275 1419 2301; x_wconf 87' lang='lat' dir='ltr'>sensum</span> <span class='ocrx_word' id='word_1_228' title='bbox 1442 2274 1489 2300; x_wconf 87' lang='lat' dir='ltr'>ex</span> <span class='ocrx_word' id='word_1_229' title='bbox 1506 2260 1623 2300; x_wconf 91' lang='lat' dir='ltr'>nullo</span> 
     </span>
     <span class='ocr_line' id='line_1_30' title="bbox 306 2331 1624 2386; baseline 0 -16"><span class='ocrx_word' id='word_1_230' title='bbox 306 2331 496 2371; x_wconf 85' lang='lat' dir='ltr'>humano</span> <span class='ocrx_word' id='word_1_231' title='bbox 541 2332 760 2386; x_wconf 86' lang='lat' dir='ltr'>privilegio</span> <span class='ocrx_word' id='word_1_232' title='bbox 805 2332 996 2386; x_wconf 90' lang='lat' dir='ltr'>sequitur</span> <span class='ocrx_word' id='word_1_233' title='bbox 1033 2332 1074 2371; x_wconf 91' lang='lat' dir='ltr'>in</span> <span class='ocrx_word' id='word_1_234' title='bbox 1115 2332 1344 2372; x_wconf 90' lang='lat' dir='ltr'>criminoso</span> <span class='ocrx_word' id='word_1_235' title='bbox 1377 2331 1624 2371; x_wconf 85' lang='lat' dir='ltr'>immunitas</span> 
     </span>
    </p>

    <p class='ocr_par' dir='ltr' id='par_1_10' title="bbox 247 2402 1624 2525">
     <span class='ocr_line' id='line_1_31' title="bbox 247 2402 1624 2456; baseline -0.001 -15"><span class='ocrx_word' id='word_1_236' title='bbox 247 2415 289 2448; x_wconf 79' lang='lat'>30</span> <span class='ocrx_word' id='word_1_237' title='bbox 305 2411 408 2454; x_wconf 88' lang='lat' dir='ltr'>aput</span> <span class='ocrx_word' id='word_1_238' title='bbox 440 2403 593 2454; x_wconf 88' lang='lat' dir='ltr'>Deum,</span> <span class='ocrx_word' id='word_1_239' title='bbox 643 2403 714 2442; x_wconf 91' lang='lat' dir='ltr'>sed</span> <span class='ocrx_word' id='word_1_240' title='bbox 759 2416 806 2442; x_wconf 84' lang='lat' dir='ltr'>ex</span> <span class='ocrx_word' id='word_1_241' title='bbox 850 2402 1192 2456; x_wconf 83' lang='lat' dir='ltr'>privilegiacione</span> <span class='ocrx_word' id='word_1_242' title='bbox 1232 2402 1420 2456; x_wconf 85' lang='lat' dir='ltr'>sequitur</span> <span class='ocrx_word' id='word_1_243' title='bbox 1451 2402 1624 2441; x_wconf 87' lang='lat' dir='ltr'>irreatus</span> 
     </span>
     <span class='ocr_line' id='line_1_32' title="bbox 305 2471 1162 2525; baseline 0.002 -15"><span class='ocrx_word' id='word_1_244' title='bbox 305 2485 410 2524; x_wconf 90' lang='lat' dir='ltr'>pene</span> <span class='ocrx_word' id='word_1_245' title='bbox 443 2472 584 2525; x_wconf 86' lang='lat' dir='ltr'>quoad</span> <span class='ocrx_word' id='word_1_246' title='bbox 616 2471 853 2525; x_wconf 88' lang='lat' dir='ltr'>principem</span> <span class='ocrx_word' id='word_1_247' title='bbox 884 2472 1162 2513; x_wconf 88' lang='lat' dir='ltr'>libertantem.</span> 
     </span>
    </p>

    <p class='ocr_par' dir='ltr' id='par_1_11' title="bbox 305 2542 1624 2667">
     <span class='ocr_line' id='line_1_33' title="bbox 363 2542 1624 2597; baseline 0 -16"><span class='ocrx_word' id='word_1_248' title='bbox 363 2542 524 2582; x_wconf 87' lang='lat' dir='ltr'>Contra</span> <span class='ocrx_word' id='word_1_249' title='bbox 547 2543 655 2583; x_wconf 91' lang='lat' dir='ltr'>dicta</span> <span class='ocrx_word' id='word_1_250' title='bbox 677 2542 858 2583; x_wconf 92' lang='lat' dir='ltr'>obicitur</span> <span class='ocrx_word' id='word_1_251' title='bbox 880 2542 1018 2596; x_wconf 91' lang='lat' dir='ltr'>primo</span> <span class='ocrx_word' id='word_1_252' title='bbox 1042 2556 1115 2596; x_wconf 91' lang='lat' dir='ltr'>per</span> <span class='ocrx_word' id='word_1_253' title='bbox 1136 2543 1216 2583; x_wconf 91' lang='lat' dir='ltr'>hoc</span> <span class='ocrx_word' id='word_1_254' title='bbox 1240 2543 1371 2597; x_wconf 87' lang='lat' dir='ltr'>quod,</span> <span class='ocrx_word' id='word_1_255' title='bbox 1393 2542 1423 2581; x_wconf 90' lang='lat' dir='ltr'>si</span> <span class='ocrx_word' id='word_1_256' title='bbox 1448 2542 1624 2595; x_wconf 86' lang='lat' dir='ltr'>quilibet</span> 
     </span>
     <span class='ocr_line' id='line_1_34' title="bbox 305 2613 1622 2667; baseline -0.002 -15"><span class='ocrx_word' id='word_1_257' title='bbox 305 2613 558 2654; x_wconf 88' lang='lat' dir='ltr'>criminosus</span> <span class='ocrx_word' id='word_1_258' title='bbox 586 2614 638 2654; x_wconf 91' lang='lat' dir='ltr'>sit</span> <span class='ocrx_word' id='word_1_259' title='bbox 659 2613 858 2667; x_wconf 87' lang='lat' dir='ltr'>indignus</span> <span class='ocrx_word' id='word_1_260' title='bbox 882 2613 1033 2653; x_wconf 89' lang='lat' dir='ltr'>habere</span> <span class='ocrx_word' id='word_1_261' title='bbox 1055 2613 1301 2667; x_wconf 80' lang='lat' dir='ltr'>suffragium</span> <span class='ocrx_word' id='word_1_262' title='bbox 1320 2613 1503 2664; x_wconf 83' lang='lat' dir='ltr'>ecclesie,</span> <span class='ocrx_word' id='word_1_263' title='bbox 1522 2622 1622 2652; x_wconf 90' lang='lat' dir='ltr'>tunc</span> 
     </span>
    </p>
   </div>
   <div class='ocr_carea' id='block_1_3' title="bbox 306 2760 1625 2891">
    <p class='ocr_par' dir='ltr' id='par_1_12' title="bbox 306 2760 1625 2891">
     <span class='ocr_line' id='line_1_35' title="bbox 357 2760 1624 2799; baseline -0.003 -8"><span class='ocrx_word' id='word_1_264' title='bbox 357 2772 387 2796; x_wconf 83' lang='lat'>4.</span> <span class='ocrx_word' id='word_1_265' title='bbox 408 2763 447 2790; x_wconf 80' lang='lat' dir='ltr'>B:</span> <span class='ocrx_word' id='word_1_266' title='bbox 469 2768 499 2791; x_wconf 85' lang='lat' dir='ltr'>et</span> <span class='ocrx_word' id='word_1_267' title='bbox 518 2772 551 2791; x_wconf 86' lang='lat' dir='ltr'>se</span> <span class='ocrx_word' id='word_1_268' title='bbox 572 2768 725 2799; x_wconf 81' lang='lat' dir='ltr'>portatus.</span> <span class='ocrx_word' id='word_1_269' title='bbox 870 2761 900 2790; x_wconf 81' lang='lat'>6.</span> <span class='ocrx_word' id='word_1_270' title='bbox 920 2762 948 2789; x_wconf 87' lang='lat' dir='ltr'><strong>A</strong></span> <span class='ocrx_word' id='word_1_271' title='bbox 963 2762 993 2790; x_wconf 90' lang='lat' dir='ltr'>in</span> <span class='ocrx_word' id='word_1_272' title='bbox 1010 2770 1124 2797; x_wconf 61' lang='lat' dir='ltr'>marg:</span> <span class='ocrx_word' id='word_1_273' title='bbox 1142 2762 1304 2797; x_wconf 80' lang='lat' dir='ltr'>Epilogus.</span> <span class='ocrx_word' id='word_1_274' title='bbox 1325 2760 1389 2789; x_wconf 89' lang='lat' dir='ltr'>Nec</span> <span class='ocrx_word' id='word_1_275' title='bbox 1403 2760 1508 2789; x_wconf 87' lang='lat' dir='ltr'>omnia</span> <span class='ocrx_word' id='word_1_276' title='bbox 1522 2760 1624 2787; x_wconf 86' lang='lat' dir='ltr'>valent</span> 
     </span>
     <span class='ocr_line' id='line_1_36' title="bbox 306 2807 1622 2845; baseline -0.002 -9"><span class='ocrx_word' id='word_1_277' title='bbox 306 2817 363 2844; x_wconf 84' lang='lat' dir='ltr'>pro</span> <span class='ocrx_word' id='word_1_278' title='bbox 385 2811 583 2838; x_wconf 87' lang='lat' dir='ltr'>correccione</span> <span class='ocrx_word' id='word_1_279' title='bbox 606 2809 818 2845; x_wconf 81' lang='lat' dir='ltr'>peccancium.</span> <span class='ocrx_word' id='word_1_280' title='bbox 929 2817 962 2836; x_wconf 82' lang='grc' dir='ltr'>ιι.</span> <span class='ocrx_word' id='word_1_281' title='bbox 984 2809 1022 2836; x_wconf 88' lang='lat' dir='ltr'>B:</span> <span class='ocrx_word' id='word_1_282' title='bbox 1050 2810 1179 2837; x_wconf 88' lang='lat' dir='ltr'>omnino</span> <span class='ocrx_word' id='word_1_283' title='bbox 1207 2810 1355 2837; x_wconf 77' lang='lat' dir='ltr'>dandum.</span> <span class='ocrx_word' id='word_1_284' title='bbox 1482 2808 1521 2835; x_wconf 69' lang='lat'>13.</span> <span class='ocrx_word' id='word_1_285' title='bbox 1551 2807 1572 2834; x_wconf 88' lang='lat' dir='ltr'><strong>B</strong></span> <span class='ocrx_word' id='word_1_286' title='bbox 1593 2807 1622 2834; x_wconf 89' lang='lat' dir='ltr'>in</span> 
     </span>
     <span class='ocr_line' id='line_1_37' title="bbox 307 2854 1625 2891; baseline -0.002 -8"><span class='ocrx_word' id='word_1_287' title='bbox 307 2864 421 2891; x_wconf 63' lang='lat' dir='ltr'>marg:</span> <span class='ocrx_word' id='word_1_288' title='bbox 450 2857 634 2884; x_wconf 85' lang='lat' dir='ltr'>Immunitas</span> <span class='ocrx_word' id='word_1_289' title='bbox 661 2856 734 2891; x_wconf 85' lang='lat' dir='ltr'>quid</span> <span class='ocrx_word' id='word_1_290' title='bbox 769 2856 818 2891; x_wconf 79' lang='lat' dir='ltr'>sir,</span> <span class='ocrx_word' id='word_1_291' title='bbox 853 2860 934 2883; x_wconf 83' lang='lat' dir='ltr'>nota.</span> <span class='ocrx_word' id='word_1_292' title='bbox 1079 2864 1121 2884; x_wconf 83' lang='lat'>22.</span> <span class='ocrx_word' id='word_1_293' title='bbox 1148 2855 1188 2883; x_wconf 80' lang='lat'>23.</span> <span class='ocrx_word' id='word_1_294' title='bbox 1217 2855 1255 2882; x_wconf 84' lang='lat' dir='ltr'>B:</span> <span class='ocrx_word' id='word_1_295' title='bbox 1289 2856 1423 2891; x_wconf 81' lang='lat' dir='ltr'>quedam</span> <span class='ocrx_word' id='word_1_296' title='bbox 1445 2854 1625 2882; x_wconf 77' lang='lat' dir='ltr'>franchisia.</span> 
     </span>
    </p>
   </div>
   <div class='ocr_carea' id='block_1_4' title="bbox 310 2901 1241 2935">
    <p class='ocr_par' dir='ltr' id='par_1_13' title="bbox 310 2901 1241 2935">
     <span class='ocr_line' id='line_1_38' title="bbox 310 2901 1241 2935; baseline 0.001 -7"><span class='ocrx_word' id='word_1_297' title='bbox 310 2910 356 2935; x_wconf 64' lang='lat'>24.</span> <span class='ocrx_word' id='word_1_298' title='bbox 380 2902 418 2929; x_wconf 86' lang='lat' dir='ltr'>B:</span> <span class='ocrx_word' id='word_1_299' title='bbox 442 2909 469 2930; x_wconf 81' lang='lat' dir='ltr'>et</span> <span class='ocrx_word' id='word_1_300' title='bbox 491 2904 609 2931; x_wconf 84' lang='lat' dir='ltr'>butum.</span> <span class='ocrx_word' id='word_1_301' title='bbox 755 2901 795 2929; x_wconf 63' lang='lat'>132.</span> <span class='ocrx_word' id='word_1_302' title='bbox 819 2901 944 2929; x_wconf 71' lang='lat' dir='ltr'>Contra</span> <span class='ocrx_word' id='word_1_303' title='bbox 969 2902 1069 2930; x_wconf 74' lang='lat' dir='ltr'>Prima</span> <span class='ocrx_word' id='word_1_304' title='bbox 1090 2903 1241 2930; x_wconf 75' lang='lat' dir='ltr'>obieccio.</span> 
     </span>
    </p>
   </div>
   <div class='ocr_carea' id='block_1_5' title="bbox 1641 716 1917 955">
    <p class='ocr_par' dir='ltr' id='par_1_14' title="bbox 1641 716 1917 955">
     <span class='ocr_line' id='line_1_39' title="bbox 1669 716 1887 753; baseline 0 -9"><span class='ocrx_word' id='word_1_305' title='bbox 1669 716 1717 744; x_wconf 85' lang='lat' dir='ltr'>To</span> <span class='ocrx_word' id='word_1_306' title='bbox 1739 726 1806 745; x_wconf 85' lang='lat' dir='ltr'>sum</span> <span class='ocrx_word' id='word_1_307' title='bbox 1829 726 1887 753; x_wconf 79' lang='lat' dir='ltr'>up:</span> 
     </span>
     <span class='ocr_line' id='line_1_40' title="bbox 1664 751 1896 787; baseline 0.004 -9"><span class='ocrx_word' id='word_1_308' title='bbox 1664 751 1732 779; x_wconf 75' lang='lat' dir='ltr'>The</span> <span class='ocrx_word' id='word_1_309' title='bbox 1753 752 1896 787; x_wconf 61' lang='lat' dir='ltr'>fugitives</span> 
     </span>
     <span class='ocr_line' id='line_1_41' title="bbox 1642 787 1917 815; baseline 0.004 -2"><span class='ocrx_word' id='word_1_310' title='bbox 1642 787 1754 814; x_wconf 83' lang='lat' dir='ltr'>should</span> <span class='ocrx_word' id='word_1_311' title='bbox 1783 789 1858 814; x_wconf 72' lang='lat' dir='ltr'>have</span> <span class='ocrx_word' id='word_1_312' title='bbox 1880 788 1917 815; x_wconf 88' lang='lat' dir='ltr'>all</span> 
     </span>
     <span class='ocr_line' id='line_1_42' title="bbox 1660 823 1898 857; baseline 0 -8"><span class='ocrx_word' id='word_1_313' title='bbox 1660 823 1770 857; x_wconf 74' lang='lat' dir='ltr'>liberty</span> <span class='ocrx_word' id='word_1_314' title='bbox 1790 823 1854 849; x_wconf 80' lang='lat' dir='ltr'>that</span> <span class='ocrx_word' id='word_1_315' title='bbox 1873 824 1898 849; x_wconf 87' lang='lat' dir='ltr'>is</span> 
     </span>
     <span class='ocr_line' id='line_1_43' title="bbox 1641 858 1916 893; baseline 0 -9"><span class='ocrx_word' id='word_1_316' title='bbox 1641 858 1722 893; x_wconf 79' lang='lat' dir='ltr'>good</span> <span class='ocrx_word' id='word_1_317' title='bbox 1750 860 1798 885; x_wconf 71' lang='lat' dir='ltr'>sor</span> <span class='ocrx_word' id='word_1_318' title='bbox 1816 858 1916 885; x_wconf 83' lang='lat' dir='ltr'>them—</span> 
     </span>
     <span class='ocr_line' id='line_1_44' title="bbox 1659 892 1906 920; baseline 0.004 -1"><span class='ocrx_word' id='word_1_319' title='bbox 1659 892 1757 919; x_wconf 70' lang='lat' dir='ltr'>selves</span> <span class='ocrx_word' id='word_1_320' title='bbox 1778 893 1837 919; x_wconf 81' lang='lat' dir='ltr'>and</span> <span class='ocrx_word' id='word_1_321' title='bbox 1859 893 1906 920; x_wconf 84' lang='lat' dir='ltr'>for</span> 
     </span>
     <span class='ocr_line' id='line_1_45' title="bbox 1722 929 1836 955; baseline 0 -1"><span class='ocrx_word' id='word_1_322' title='bbox 1722 929 1836 955; x_wconf 77' lang='lat' dir='ltr'>others.</span> 
     </span>
    </p>
   </div>
  </div>
 </body>
</html>
