2045 3312
222 235 310 264 CAP.
328 223 396 282 vr]
726 235 785 265 DE
813 232 1047 264 ECCLESIA.
1749 233 1760 256 1
1782 233 1826 270 19

67 356 102 390 D
129 355 206 398 1452
221 343 338 397 quod
369 341 541 396 quidam
573 340 718 380 dicunt
739 338 901 379 nullam
923 350 1010 377 esse
1034 336 1251 377 ecclesiam
1274 336 1538 385 catholicam,
1563 343 1676 406 5313}
1680 342 1818 405 Ξὲιέοἳξιέῑ

221 414 319 468 quia
351 426 437 452 non
469 420 530 451 est
569 411 665 450 dare
704 407 954 449 universalia
992 421 1039 447 ex
1078 416 1195 460 parte
1234 406 1304 446 rei.
1353 405 1537 454 Quidam
1567 413 1690 460 chureii
1712 414 1816 459 (asari

180 496 317 529 2vero
351 483 495 522 dicunt
528 480 645 535 quod
678 479 853 520 ecclesia
892 487 954 519 est
996 477 1181 529 ecclesia,
1230 477 1300 516 sed
1346 489 1434 516 non
1479 485 1539 516 est
1566 448 1810 533 ΠΕᾏνῗ-Γοῖἦυῗὲἷῖδ

221 554 379 609 aliquid
410 553 482 592 sed
512 551 666 605 aliqua,
700 564 775 591 nec
804 549 979 603 aliquod
1002 557 1063 589 est
1084 548 1327 588 membrum
1349 546 1537 599 ecclesie,
1637 523 1751 546 stenct.

188 636 204 669 5
222 635 260 666 et
293 625 349 665 sic
383 622 586 676 scriptura
619 635 734 662 sacra
766 621 816 661 de
840 620 973 674 capite
997 619 1180 671 ecclesie,
1214 619 1264 657 de
1287 617 1428 657 anima
1450 617 1538 657 eius

222 705 261 736 et
293 696 343 735 de
374 693 463 734 aliis
496 692 584 733 eius
615 691 816 732 membris
849 700 910 731 est
931 689 1151 730 manifeste
1174 687 1461 742 impossibilis.
1487 687 1540 727 Et

221 766 277 805 sic
308 765 472 805 videtur
492 763 607 818 quod
629 763 786 802 habent
809 761 944 801 dicere
969 759 1251 800 communiter
1279 759 1409 812 quod,
1433 757 1539 797 sicut

221 835 392 877 ecclesia
424 835 552 875 nichil
574 843 647 885 est,
680 832 738 872 ita
764 832 892 872 nichil
923 831 1044 882 valet,
1079 839 1118 870 et
1141 829 1197 870 sic
1221 829 1412 870 Christus
1436 828 1540 868 foret

221 915 428 946 mercator
459 903 734 945 stultissimus
781 902 852 956 qui
895 901 1063 941 tradidit
1103 909 1235 940 semet
1277 899 1419 953 ipsum
1463 912 1539 952 pro

168 997 206 1019 10
221 977 330 1017 dicta
361 975 533 1016 ecclesia
565 984 605 1015 et
637 973 761 1013 nimis
793 972 985 1013 illuderet
1017 970 1248 1011 christianis
1282 971 1332 1010 de
1365 983 1539 1023 sponsa-

219 1048 342 1099 libus,
376 1047 426 1086 de
458 1044 683 1099 privilegiis
717 1052 756 1083 et
788 1044 838 1083 de
871 1041 1080 1082 attributis
1115 1041 1299 1081 ecclesie.

278 1119 389 1159 Nam
420 1116 453 1156 si
497 1115 668 1156 ecclesia
720 1127 806 1154 non
840 1113 893 1153 sit
925 1126 998 1152 ens
1029 1112 1095 1151 vel
1117 1112 1288 1166 aliquid,
1323 1121 1423 1152 tunc
1455 1123 1542 1150 non
1575 1114 1817 1177 ¹-f,¹¹¹0[ff-h¹,¹,¹'9¹¹

224 1199 284 1229 est
315 1201 463 1228 verum
495 1199 571 1226 nec
605 1186 782 1236 bonum,
817 1194 856 1224 et
889 1197 989 1224 cum
1027 1182 1156 1222 nichil
1187 1182 1297 1222 valet
1335 1180 1414 1220 nisi
1445 1194 1540 1234 pro·
1559 1159 1674 1214 ealimlift)
1688 1155 1833 1222 bssnffogd-

223 1257 521 1314 porcionaliter
559 1266 605 1297 ut
650 1264 711 1295 est
755 1255 932 1306 bonum,
978 1252 1168 1307 sequitur
1212 1253 1330 1306 quod
1373 1251 1545 1291 ecclesia

170 1330 351 1371 15nichil
382 1328 503 1369 valet.
538 1326 736 1381 Sequitur
769 1324 882 1365 enim
915 1324 1148 1364 secundum
1188 1323 1428 1363 rudimenta
1461 1321 1542 1362 dis-

224 1400 395 1454 cipline:
419 1399 659 1451 Utrumque
682 1397 865 1437 istorum
888 1403 949 1435 est
972 1395 1150 1446 bonum,
1167 1393 1416 1434 deducendo
1440 1393 1543 1433 duas

224 1470 492 1525 particulares
525 1467 731 1519 ecclesias,
780 1479 877 1520 ergo
917 1475 1149 1518 utrumque
1181 1464 1361 1505 istorum
1394 1472 1455 1503 est
1482 1476 1545 1502 res
1612 1468 1685 1503 Any
1704 1467 1782 1495 local

1562 1502 1678 1530 chureii
1699 1511 1770 1539 may
1799 1502 1837 1529 be

224 1541 375 1595 aliqua,
409 1549 449 1581 et
481 1540 538 1579 sic
569 1538 684 1579 mille
717 1551 780 1577 res
805 1536 943 1577 forent
965 1549 1049 1576 una
1080 1549 1144 1576 res
1177 1548 1272 1589 que,
1294 1535 1390 1575 licet
1413 1533 1544 1573 racio·
1569 1537 1828 1600 {ggettlfflugsgffi

226 1612 397 1664 cinetur,
450 1610 561 1650 vivat
611 1609 731 1660 bene,
764 1608 888 1659 male,
924 1619 1117 1647 exercens
1154 1614 1271 1646 actus
1318 1605 1544 1657 humanos,
1561 1607 1837 1677 Sffigfitehiffgscffigy

169 1699 210 1721 20
225 1683 461 1724 subiectans
484 1679 720 1720 accidencia
741 1679 856 1719 velut
879 1677 1131 1729 substancia,
1155 1686 1297 1716 tamen
1320 1675 1450 1715 nichil
1472 1685 1544 1716 est.
1561 1678 1674 1741 *fflicalfs
1691 1677 1826 1740 iissdsg'gsse

226 1755 348 1795 Unde
381 1753 506 1793 habet
536 1760 674 1805 partes
708 1758 747 1790 et
780 1758 842 1790 est
873 1748 970 1789 satis
1003 1747 1224 1799 sensibiliS,
1257 1746 1474 1786 divisibflis
1508 1755 1547 1786 et
1562 1747 1679 1811 ξέἀςέᾖ,
1698 1755 1827 1817 1111Οεῑῃῗ11ἓ

226 1825 283 1866 sic
316 1825 366 1864 de
398 1823 487 1863 aliis
520 1820 960 1871 denominacionibus,
1006 1820 1078 1859 sed
1116 1819 1285 1859 nullum
1324 1826 1385 1858 est
1424 1827 1549 1871 caput

225 1896 291 1936 vel
323 1894 564 1934 membrum
597 1893 699 1945 eius,
744 1905 819 1931 nec
863 1890 1032 1945 aliquid
1061 1899 1122 1930 est
1165 1889 1285 1940 intra,
1328 1898 1441 1929 extra
1483 1889 1549 1928 vel

227 1980 320 2020 pars
354 1964 538 2016 ecclesie,
562 1977 661 2004 cum
683 1975 906 2016 nunquam
924 1960 1093 2014 incepit,
1111 1959 1260 2013 incipit
1283 1959 1348 1998 vel
1372 1957 1546 1998 desinet.

172 2041 209 2073 25
228 2037 281 2077 Et
313 2036 369 2076 sic
401 2036 559 2075 nedum
592 2035 746 2074 domus
778 2031 1012 2072 materiales
1053 2044 1142 2070 non
1180 2030 1414 2070 manebunt
1451 2037 1549 2081 post

227 2106 491 2147 ablacionem
523 2104 700 2145 minime
740 2103 868 2157 partis
906 2101 1131 2142 materialis
1177 2114 1252 2154 per
1295 2113 1442 2140 auram
1484 2099 1549 2138 vel
1607 2099 1792 2139 Bysimilar

1581 2143 1748 2170 reasonlng
1769 2144 1815 2162 we

226 2191 360 2230 avem,
414 2186 454 2218 et
505 2176 562 2216 sic
614 2183 827 2229 oporteret
870 2173 1004 2213 indies
1049 2172 1099 2212 de
1144 2185 1257 2211 novo
1308 2183 1548 2210 consecrare
1564 2170 1840 2233 ¹¹¹{3ss1'gussssngllugst

228 2248 432 2300 ecclesias,
466 2248 540 2287 sed
572 2255 612 2286 et
634 2244 977 2295 communitates,
1002 2252 1047 2284 ut
1070 2250 1316 2293 conventus,
1340 2240 1548 2292 abbathie,
1563 2240 1836 2303 Clssgpgggttiffigffss

228 2327 352 2371 atque
384 2317 530 2370 religio
565 2315 787 2356 deficerent
820 2314 1021 2354 continue
1067 2322 1105 2353 et
1144 2312 1458 2362 innovarentur,
1503 2320 1548 2350 ut
1563 2310 1838 2382 Εῶἰζῑὲἒξξὲξᾏηΐῖξ

171 2388 374 2442 30quevis
412 2401 591 2441 persona
635 2387 686 2426 de
723 2385 874 2426 talibus
920 2383 1072 2436 deficit,
1114 2382 1180 2423 vel
1225 2380 1549 2436 quomodolibet

229 2459 466 2511 innovatur,
521 2467 560 2498 et
598 2457 749 2511 periret
801 2454 1096 2510 appropriacio
1143 2451 1459 2506 temporalium,
1499 2465 1548 2491 eo

230 2530 347 2583 quod
377 2543 464 2569 non
504 2536 738 2582 superesset
785 2526 1013 2579 collegium
1058 2524 1123 2565 cui
1156 2523 1406 2577 temporalia
1451 2530 1549 2562 sunt

232 2600 398 2642 donata.
430 2600 529 2640 Non
563 2598 677 2639 enim
709 2598 797 2638 iure
829 2595 1078 2637 hereditario
1113 2594 1265 2636 carnali
1305 2594 1378 2635 sed
1410 2593 1547 2633 imita-

285 2804 306 2823 ι.
333 2796 430 2831 AA1:
452 2795 578 2832 quidam
599 2795 724 2823 diceret.
831 2792 856 2821 5.
877 2793 910 2820 In
932 2792 1036 2820 codd:
1058 2791 1210 2827 scriptura
1225 2798 1321 2819 sacra.
1408 2797 1448 2817 12.
1469 2791 1497 2817 A
1518 2789 1549 2816 in

233 2850 350 2877 marga
389 2842 547 2870 Obieccio.
689 2848 734 2868 22.
754 2840 793 2867 B:
833 2839 886 2866 sed
908 2839 1004 2867 deest.
1157 2837 1198 2866 23.
1220 2845 1267 2871 24.
1288 2837 1326 2863 B:
1366 2837 1412 2864 vel
1435 2841 1548 2871 partes.

233 2895 280 2922 24.
302 2888 344 2916 B:
365 2890 410 2917 vel
434 2888 557 2917 delinet.
670 2896 717 2923 29.
738 2887 778 2914 B:
799 2886 1053 2914 innovearuntur.
