2045 3312
138 411 173 443 G
199 407 277 453 1:6¹¹

255 692 271 725 5

292 290 380 321 CAP.
405 279 488 339 xv]
802 295 860 326 DE
888 293 1124 326 ECCLESIA.
1823 282 1903 337 339

290 412 445 452 regno
479 408 518 440 et
549 413 636 439 non
669 400 724 439 de
757 398 867 449 illo,
892 399 963 439 sed
997 399 1219 453 quomodo
1249 399 1510 453 contingeret
1531 399 1611 439 hoc
1644 407 1891 479 &3351szQO

290 469 456 522 planius
489 484 617 524 quam
641 471 757 523 quod
790 469 934 510 omnia
963 469 1211 522 temporalia
1234 469 1329 509 cleri
1351 469 1503 523 Anglie
1526 483 1609 509 non
1627 480 1720 531 renisi]
1742 481 1845 527 wouLd
1868 480 1905 508 be

289 538 428 579 forent
459 539 536 579 sub
568 539 676 593 regis
709 539 911 593 regimine
944 540 1015 579 sed
1049 553 1170 593 pape,
1204 553 1303 579 cum
1331 539 1446 579 enim
1469 515 1903 579 dicuntundcrtnetope,

288 610 403 662 quod
436 623 545 662 papa
577 609 821 650 dominatur
853 609 1041 662 civiliter,
1075 623 1151 650 nec
1176 619 1236 650 est
1265 609 1464 663 possibile
1497 610 1613 663 quod

288 679 369 718 due
401 688 489 718 tam
522 678 728 732 disparate
761 693 940 733 persone
963 679 1237 720 dominentur
1270 694 1318 720 ex
1342 694 1453 734 equo
1487 679 1614 719 simul

290 748 463 789 civiliter
495 763 621 803 super
654 750 821 802 eodem,
856 750 1105 804 relinquitur
1137 750 1194 790 eis
1228 750 1363 791 dicere
1396 751 1512 804 quod
1545 764 1614 790 rex

287 828 430 859 noster
461 818 513 859 sit
550 820 693 872 quoad
733 819 878 860 omnia
919 819 1169 861 mortificata
1210 821 1252 860 in
1290 834 1421 874 regno
1466 829 1613 861 nostro

286 889 351 928 vel
384 888 574 929 exclusus
607 889 853 943 simpliciter
884 891 949 930 vel
984 905 1089 944 pape
1122 891 1443 932 subdominanS.

235 972 272 1005 Η
346 959 432 999 Sibi
467 959 580 1000 enim
613 974 700 1000 non
745 960 840 1001 licet
884 958 949 1016 (ut
982 960 1199 1017 inquiunt)
1250 961 1517 1015 interponere
1563 961 1613 1000 de
1636 972 1706 999 who
1728 974 1753 1001 is
1774 976 1839 1004 saia
1862 984 1891 1005 to

1670 1008 1705 1035 be
1727 1010 1775 1037 the
1796 1014 1869 1046 onlv

232 1054 271 1075 10
288 1029 397 1069 clero
440 1031 505 1070 vel
549 1030 886 1084 possessionibus
947 1031 1032 1071 suis
1083 1041 1465 1085 quantumcunque
1510 1031 1610 1070 deli·
1626 1043 1709 1070 ruier
1728 1047 1778 1072 Ille
1803 1045 1905 1085 cici-gy

235 1395 268 1427 15

229 2097 266 2128 25

227 2446 242 2477 3
249 2457 268 2477 o

287 1101 467 1154 querint,
500 1116 576 1142 nec
614 1103 699 1155 regi
733 1103 828 1143 licet
873 1104 1114 1144 subtrahere
1159 1103 1406 1157 temporalia
1451 1117 1611 1151 eorum,
1647 1082 1882 1154 actilffiffiglage.

287 1181 665 1226 quantumcunque
709 1175 866 1214 abusus
910 1184 1051 1228 vergat
1095 1175 1145 1213 ad
1192 1174 1305 1228 regni
1363 1174 1612 1227 periculum,

287 1242 385 1295 quia
421 1241 486 1298 (ut
519 1241 735 1298 inquiunt)
771 1245 1086 1297 exemptibsunt
1118 1259 1139 1283 a
1173 1244 1464 1284 iurisdiccione
1490 1245 1610 1298 regis,

286 1322 372 1352 tam
406 1314 446 1352 in
481 1327 655 1366 corpore
691 1328 819 1367 quam
852 1314 893 1353 in
927 1315 1063 1365 bonis,
1098 1324 1136 1354 et
1169 1315 1394 1355 inmediate
1434 1315 1609 1355 subiecti

287 1397 394 1436 pape
428 1383 492 1423 vel
524 1384 609 1423 suis
642 1384 817 1435 ballivis,
858 1384 1153 1424 collectoribus
1185 1386 1250 1425 vel
1290 1385 1500 1425 ministris.
1568 1387 1609 1425 In

287 1453 406 1493 cuius
438 1454 608 1507 signum
641 1459 750 1507 papa
782 1454 907 1494 habet
940 1464 1036 1508 post
1069 1465 1226 1495 mortes
1250 1456 1483 1496 multorum
1519 1470 1608 1509 pre-

285 1524 467 1564 latorum
503 1534 542 1564 et
574 1525 776 1565 abbatum
810 1525 851 1564 in
884 1526 1037 1579 Anglia
1071 1527 1230 1579 primos
1266 1526 1426 1567 fructus
1459 1541 1607 1567 secun-

286 1595 388 1634 dum
423 1595 699 1647 nephandum
732 1596 913 1636 abusum
948 1595 1264 1637 infundabiliter
1313 1606 1610 1650 presumptum

286 1674 378 1704 eta
424 1665 589 1718 regibus
636 1666 898 1719 culpabiliter
941 1668 1180 1710 toleratum.
1245 1668 1367 1708 Unde
1414 1666 1479 1722 (ut
1510 1667 1610 1706 alias

228 1757 243 1777 2
286 1733 386 1778 dixi)
444 1736 687 1789 quicunque
737 1737 1001 1790 pertinaciter
1055 1738 1431 1792 dogmatizaverint
1488 1738 1611 1777 istam

287 1806 543 1845 sentenciam
577 1808 769 1847 nituntur
802 1808 1031 1860 proditorie
1055 1810 1291 1849 subvertere
1319 1822 1495 1862 regnum
1530 1822 1605 1846 no-
1652 1822 1695 1850 So
1716 1823 1765 1850 me
1785 1825 1869 1859 royai

285 1885 430 1917 strum.
474 1876 654 1929 Oportet
685 1891 783 1931 ergo
818 1879 866 1917 de
900 1878 1134 1932 integritate
1163 1879 1313 1932 regalie
1343 1878 1448 1931 regis
1478 1877 1607 1917 nostri
1647 1859 1877 1921 pti'cwiiiaiiffeiiid

285 1947 403 1999 quod
435 1946 561 1987 habet
593 1958 851 2000 potestatem
884 1949 936 1988 ad
970 1948 1289 1989 confiscandum
1322 1963 1416 1989 suas
1450 1950 1608 1988 elemo-

286 2016 397 2055 sinas
420 2031 497 2069 pro
521 2027 784 2071 contemptu,
820 2019 930 2072 quia,
965 2033 1063 2058 cum
1095 2019 1273 2072 religiosi
1306 2018 1608 2077 possessionati

285 2100 372 2126 non
405 2095 502 2126 sunt
532 2087 766 2129 confirmati
796 2090 868 2128 sed
902 2088 1131 2141 peccabiles
1155 2089 1260 2129 sicut
1282 2090 1446 2143 vulguS,
1483 2097 1608 2141 patet,

285 2169 383 2196 cum
427 2158 521 2210 plus
568 2158 790 2211 elongatur
822 2173 844 2198 a
876 2173 970 2213 rege
1016 2159 1163 2212 punire
1196 2173 1267 2199 eos
1307 2169 1394 2199 tam
1439 2159 1481 2198 in
1515 2172 1607 2212 per-

285 2226 399 2266 sonis
433 2241 561 2281 quam
594 2228 634 2267 in
670 2229 987 2281 temporalibus,
1021 2229 1053 2268 si
1086 2243 1155 2268 rex
1179 2243 1266 2269 non
1295 2238 1438 2283 posset
1460 2228 1608 2282 punire

285 2310 355 2336 eos
389 2297 431 2336 in
464 2299 784 2351 temporalibus,
819 2308 994 2340 cessaret
1017 2300 1161 2353 quoad
1192 2313 1263 2339 eos
1296 2299 1436 2339 omnis
1460 2299 1607 2352 regalis

285 2367 491 2419 cohercio,
528 2377 567 2408 et
598 2378 698 2409 tunc
732 2369 838 2409 sicut
870 2369 1007 2422 angeli
1032 2383 1117 2409 non
1151 2378 1249 2409 sunt
1281 2369 1455 2409 subiecti
1490 2383 1606 2409 secu-

284 2436 421 2476 lariter
464 2438 549 2491 regi
581 2439 733 2492 Anglie
779 2453 852 2478 nec
899 2439 998 2479 boni
1043 2453 1119 2479 nec
1165 2440 1278 2492 mali,
1323 2439 1379 2479 sic
1426 2439 1606 2479 necilli.

284 2508 393 2546 Nam
426 2521 606 2561 persona
639 2509 704 2549 vel
736 2510 924 2563 populus
957 2510 1136 2549 existens
1185 2510 1226 2548 in
1274 2523 1402 2564 regno
1449 2518 1488 2549 et
1522 2523 1607 2548 non

285 2576 472 2617 subiecta
503 2578 667 2632 legibus
700 2579 805 2633 regis
852 2588 892 2619 et
934 2580 1064 2634 regni,
1109 2594 1196 2620 non
1241 2581 1391 2620 dicitur
1438 2594 1523 2619 esse
1557 2581 1607 2618 de

284 2646 355 2686 illo
408 2661 550 2701 regno,
603 2658 649 2688 ut
700 2657 814 2701 patet
865 2650 913 2688 de
966 2650 1174 2690 comiti-vis
1220 2650 1606 2705 depopulatricibus

336 2782 358 2810 5.
390 2783 429 2809 B:
463 2783 635 2819 desparate.
781 2794 821 2814 ιη,
864 2786 889 2812 Α
928 2786 956 2812 in
994 2795 1110 2821 marg:
1151 2786 1333 2815 Conclusio.
1479 2795 1524 2816 20.
1567 2787 1604 2813 15:

285 2829 364 2856 sicut
401 2830 505 2865 Angli.

348 2936 400 2968 33.
428 2937 621 2970 Comitivis.
650 2939 700 2971 Cf.
732 2940 973 2982 Walsingham
1001 2942 1024 2982 I,
1053 2942 1128 2974 302.
