2045 3312
259 226 350 254 CAP.
370 226 424 254 iv.
446 213 458 272 ]
801 232 860 263 DE
886 230 1124 263 ECCLESIA.
1805 224 1858 279 87

90 345 127 378 N
150 355 227 387 140b
248 351 336 380 non
368 354 493 394 posse
523 337 698 391 intelligi
732 338 783 376 de
815 336 1006 390 quolibet
1036 350 1147 389 papa
1179 346 1219 376 et
1250 337 1335 376 suis
1367 338 1567 379 domesti-

246 411 316 452 cis.
350 411 448 450 Ideo
481 410 599 463 glosa
638 407 694 448 sic
726 407 934 461 loquitur:
986 407 1144 457 Quero,
1190 406 1341 460 inquit,
1387 409 1438 449 de
1482 423 1566 462 qua

243 483 426 523 ecclesia
457 482 525 521 lzz'c
558 480 764 532 quuitur,
789 478 887 532 quia
910 491 996 517 non
1021 485 1159 530 potest
1173 476 1349 531 intelligi
1382 479 1432 517 de
1457 493 1568 532 papa

240 553 312 607 qui
356 551 507 592 dicitur
553 549 738 600 ecclesia,
783 558 829 588 ut
872 561 998 601 supra
1035 547 1202 598 eodem,
1257 547 1564 602 Quodcunque,

208 632 280 666 5et
311 623 404 664 Vlla
437 636 475 675 q.
510 621 666 675 prima:
702 620 823 659 Scire
857 618 996 658 debe&
1030 617 1112 658 Sed
1145 627 1306 658 certum
1349 629 1409 659 est
1449 622 1567 673 quod

238 706 349 746 papa
370 705 502 732 errare
526 700 666 745 potest
689 689 755 747 (ut
775 689 891 729 XIX'd
907 688 1000 728 dist.
1016 685 1282 728 Anastasius
1296 694 1336 728 et
1351 689 1444 728 XLa
1469 689 1563 730 dist.

240 764 287 803 Si
310 762 465 816 papa).
490 762 589 801 Ideo
612 775 688 801 nec
719 761 808 814 ipse
842 772 917 798 nec
951 758 1038 798 eius
1054 757 1211 797 familia
1225 766 1286 797 est
1300 758 1370 798 illa
1393 759 1565 799 ecclesia

239 834 288 873 de
321 847 404 887 qua
434 832 501 872 hic
534 831 685 871 dicitur
718 830 835 885 quod
869 842 1001 869 errare
1026 842 1113 868 non
1138 837 1292 882 potest.
1328 830 1450 870 Unde
1472 830 1563 883 ipsa

198 903 514 957 3congregacio
538 902 729 942 fidelium
753 900 905 940 dicitur
939 899 1015 939 hec
1050 899 1224 939 ecclesia
1261 897 1327 954 (ut
1350 900 1411 939 De
1445 899 1561 941 Con-

183 994 222 1015 10
237 974 472 1014 secracione
488 974 526 1013 d.
544 973 594 1025 1³,
619 969 852 1025 Ecclesia).
873 971 924 1010 Et
939 969 995 1008 sic
1011 969 1259 1022 intelligitur
1275 969 1434 1010 dictum
1453 971 1562 1011 beati
1579 967 1664 995 since
1701 968 1855 997 Jemffiss's

1591 1003 1691 1031 deseri
1719 1004 1782 1031 tion
1806 1004 1842 1032 of

234 1044 449 1099 Jeronymi
483 1044 671 1097 positum
703 1042 875 1093 XX1V³‚
909 1055 947 1095 q.
976 1054 1007 1079 1.
1032 1040 1131 1080 Hec
1150 1047 1211 1080 est
1228 1040 1364 1093 fides.
1385 1040 1545 1082 Sancta
1618 1039 1667 1066 1¹¹2
1689 1012 1807 1067 &mnan

1547 1074 1559 1092 ³
1578 1072 1703 1101 Church
1733 1083 1749 1101 a
1800 1074 1855 1101 lies

233 1115 383 1169 inquit,
417 1121 481 1155 est
511 1115 711 1154 Romana
744 1112 925 1154 ecclesia
958 1125 1038 1165 que
1071 1124 1245 1164 semper
1276 1112 1609 1153 immaculatam
1630 1082 1802 1180 ῑξξῐξξιζὲἓ
1818 1110 1857 1147 by

228 1185 477 1239 permansit
508 1185 681 1225 domino
707 1183 966 1237 providente
998 1190 1037 1222 et
1059 1182 1181 1222 beato
1205 1182 1332 1221 Petro
1365 1184 1560 1236 apostolo

236 1270 357 1309 opem
378 1256 558 1311 ferente
591 1257 632 1294 in
655 1255 868 1309 futurum
904 1253 1093 1293 manebit
1124 1254 1217 1293 sine
1264 1253 1360 1293 ulla
1405 1255 1560 1295 hereti-

183 1335 386 1368 &corum
419 1326 705 1367 insultacz'one
739 1333 864 1378 atque
885 1324 1029 1378 firma
1076 1331 1115 1363 et
1159 1324 1393 1364 immobilis
1445 1327 1563 1365 omni

238 1404 426 1450 tempore
451 1398 672 1449 persistet.
707 1395 787 1435 Hic
821 1409 907 1435 non
942 1403 1081 1447 potest
1113 1394 1290 1447 intelligi
1315 1394 1560 1449 quicunque

238 1481 346 1521 papa
379 1481 475 1508 cum
509 1481 586 1506 suo
621 1466 812 1519 collegio.
849 1465 909 1504 Illi
943 1465 1054 1505 enim
1080 1474 1177 1504 sunt
1200 1465 1340 1518 sepius
1364 1467 1561 1507 maculati

238 1547 277 1578 et
308 1537 588 1578 insultacione
626 1536 910 1576 hereticorum
956 1544 1042 1575 ‘tam
1088 1535 1138 1574 ab
1183 1535 1292 1576 intra
1334 1550 1462 1590 quam
1508 1540 1560 1577 ab

237 1618 348 1649 extra
380 1618 602 1662 tamquam
636 1607 790 1660 fragilis
813 1606 948 1646 viator
971 1605 1177 1658 concussi,
1211 1615 1258 1646 ut
1290 1607 1456 1647 oculata
1481 1606 1560 1647 fide

180 1688 349 1733 zopatet
381 1679 556 1718 diebus
590 1678 803 1730 nostris,
846 1691 943 1717 cum
977 1677 1057 1715 due
1099 1685 1238 1730 partes
1286 1677 1559 1718 cardinalium

235 1750 448 1803 inponunt
498 1763 608 1802 papa
651 1757 796 1788 nostro
842 1757 882 1788 et
925 1747 1120 1787 fratribus
1176 1761 1273 1788 eum
1318 1747 1559 1789 foventibus

235 1820 459 1860 hereticam
475 1819 738 1873 pravitatem,
757 1832 853 1858 cum
869 1816 935 1874 (ut
949 1816 1168 1873 inquiunt)
1186 1819 1344 1858 nedum
1361 1818 1558 1859 nituntur

235 1889 394 1930 auferre
426 1889 641 1942 privilegia
682 1889 874 1928 Romane
919 1888 1102 1939 ecclesie,
1147 1889 1219 1928 sed
1265 1898 1472 1942 quantum
1516 1890 1557 1928 in

236 1960 293 2000 eis
326 1969 386 1999 est
416 1960 549 2013 ipsam
584 1959 808 1999 destruere.
843 1958 898 1998 Et
931 1960 1069 1998 omnis
1104 1960 1205 1999 talis
1238 1966 1300 2000 est
1346 1960 1558 2000 hereticus

179 2037 217 2069 25
238 2029 303 2085 (ut
333 2039 446 2083 patet
478 2030 612 2069 XXIId
643 2030 735 2069 dist.
776 2029 949 2081 Omnes,
974 2038 1020 2069 ut
1053 2038 1167 2082 patet
1189 2030 1294 2069 libro
1328 2031 1417 2082 VIO,
1450 2040 1557 2071 trac-

234 2110 322 2141 tatu
346 2102 396 2140 de
419 2100 587 2154 heresi).
607 2100 717 2140 Cum
742 2114 839 2153 ergo
861 2099 975 2140 iuxta
999 2100 1162 2140 decreta
1176 2101 1370 2140 Romana
1385 2101 1558 2142 ecclesia

234 2172 358 2212 habet
409 2171 639 2224 primatum
691 2180 730 2211 et
777 2170 1023 2225 dignitatem
1067 2171 1207 2224 quoad
1251 2171 1389 2210 Deum
1434 2186 1558 2225 super

235 2256 382 2282 omnes
415 2241 527 2293 alias,
560 2250 675 2294 patet
708 2242 823 2295 quod
855 2242 924 2281 illa
957 2250 1017 2281 est
1049 2241 1189 2281 totalis
1229 2242 1401 2281 ecclesia
1450 2243 1553 2282 mili·
1573 2241 1846 2305 {gltlg}1eu{{lffirgs10

234 2322 325 2352 tans
359 2326 485 2366 quam
519 2311 633 2351 Deus
666 2312 761 2364 plus
794 2311 931 2364 diligit
964 2325 1092 2365 quam
1117 2311 1240 2351 aliam
1266 2312 1354 2351 eius
1377 2321 1553 2364 partem.
1638 2311 1781 2340 militant.

179 2388 220 2419 30
235 2383 287 2422 Et
319 2382 374 2422 sic
407 2381 626 2422 manifeste
660 2382 849 2435 sequitur
880 2396 928 2421 ex
946 2381 1026 2421 fide
1049 2382 1165 2435 quod
1192 2395 1279 2421 non
1301 2381 1406 2421 illud
1428 2382 1553 2422 colle-

238 2453 354 2507 gium
387 2453 459 2493 sed
491 2461 579 2492 tota
609 2461 742 2492 mater
784 2452 826 2492 in
871 2452 989 2492 omni
1034 2462 1157 2505 gente
1201 2462 1240 2493 et
1283 2453 1426 2506 lingua
1471 2453 1552 2493 dis-

285 2575 309 2594 2.
328 2568 357 2595 A
377 2568 407 2595 in
428 2575 545 2603 marg:
563 2566 646 2595 Nota
667 2567 799 2603 glosam.
891 2577 935 2602 14.
958 2569 997 2596 [ἐς
1018 2568 1181 2596 ferentem.
1255 2568 1301 2597 28.
1323 2569 1368 2596 A:
1389 2573 1471 2604 patet
1491 2569 1551 2596 illa.

234 2613 276 2642 31.
299 2614 398 2643 Codd.
419 2616 512 2650 ligna.

292 2711 415 2742 4—-11,
443 2701 581 2733 Decreti
607 2711 675 2733 sec.
702 2711 792 2744 pam,
820 2711 912 2733 caus.
942 2701 1013 2743 VII,
1041 2714 1073 2745 q.
1104 2702 1126 2743 I,
1159 2712 1186 2733 c.
1212 2701 1285 2742 VII,
1323 2701 1435 2744 prima
1472 2712 1553 2744 pars

235 2758 312 2790 dist.
340 2759 431 2800 XIX,
458 2770 486 2790 c.
514 2760 570 2799 IX,
598 2759 675 2791 dist.
702 2759 772 2799 XL,
801 2770 873 2802 cap.
901 2760 962 2799 VI;
991 2770 1059 2792 sec.
1087 2770 1177 2803 pars,
1204 2770 1307 2791 causa
1325 2760 1446 2800 XXIV,
1473 2771 1506 2802 q.
1532 2761 1552 2800 l,

235 2827 307 2859 cap.
326 2818 384 2849 VI.
400 2825 432 2848 et
445 2818 534 2850 XIV.
561 2818 639 2849 Non
653 2825 705 2849 est
726 2818 943 2860 Hieronymi.
972 2819 1089 2861 Polyc.
1106 2819 1128 2858 Ι,
1146 2818 1174 2857 3,
1191 2818 1221 2850 6.
1238 2818 1288 2849 Cf.
1314 2818 1503 2857 Friedberg
1518 2819 1551 2849 in

236 2875 337 2917 Corp.
366 2876 426 2906 iur.
453 2886 575 2908 canon.
601 2886 679 2919 pars
706 2876 729 2917 1,
749 2886 826 2919 pag.
841 2886 921 2920 970.
974 2887 1025 2917 24.
1041 2877 1150 2907 Dec.I
1176 2886 1256 2919 pars
1273 2876 1549 2916 dist.xx[1,c.1.
