2045 3312
184 271 262 310 518
905 283 1131 316 JOHANNIS
1159 284 1353 316 WYCLIF.
1563 273 1668 331 [CAP.
1693 284 1788 314 xxii.

215 398 413 462 ῐκζςιιιέιῖιιιδῒι
471 388 659 440 capitulo
704 388 867 436 Quibus
914 390 1094 429 mortuis
1126 389 1346 444 suffragia
1380 392 1556 432 ecclesia
1589 402 1886 451 pt·oszctzt,199e
1909 409 1942 440 A

227 443 241 460 C
318 443 357 468 {g

227 469 405 509 Hostiam-sis
470 457 584 510 quod
609 467 796 511 quatuor
820 458 1036 498 beneficiis
1060 460 1299 512 specialiter
1323 461 1594 514 adiuvantur,
1633 464 1790 504 scilicet

179 505 694 580 nesssssssiiess'twomissarum
737 529 1114 582 celebracionibus‚
1161 530 1317 571 sanctis
1360 532 1647 582 oracionibus,
1689 535 1789 573 ami-

177 576 318 612 cppoeed
341 585 615 637 Vlews³corum
651 598 891 638 elemosinis
916 608 956 638 et
988 599 1156 639 ieiuniis
1181 609 1480 653 cognatorum.
1516 602 1597 642 Sed
1632 604 1789 657 quibus

467 668 645 708 mortuis
694 677 875 721 prosunt
916 669 993 708 hec
1038 670 1241 723 suffragia
1288 672 1498 712 scolastici
1538 674 1652 713 varie
1698 674 1821 728 opi-5

467 746 635 778 nantur.
684 738 874 787 Quidam
915 740 1025 779 enim
1069 740 1216 780 dicunt
1254 741 1371 794 quod
1413 742 1537 782 nullis
1577 744 1650 796 qui
1692 753 1790 784 sunt

466 807 509 847 in
549 808 715 848 inferno
765 818 946 861 prosunt
990 811 1161 863 penitus
1209 811 1405 851 vivorum
1453 812 1667 866 suffragia,
1717 816 1788 853 sed

467 887 634 918 tantum
675 878 754 918 hiis
795 880 867 933 qui
901 889 999 919 sunt
1033 880 1074 919 in
1109 882 1376 934 purgatorio.
1423 883 1607 923 Secundi
1641 884 1789 924 dicunt

467 949 582 1002 quod
617 959 800 1002 prosunt
833 951 1035 990 omnibus
1070 952 1328 1004 regeneratis
1363 954 1434 1006 qui
1460 954 1562 993 dum
1597 955 1790 994 viverent

236 1033 391 1073 1²)0f1119
467 1028 717 1059 meruerunt
763 1029 809 1060 ut
854 1021 912 1060 eis
956 1022 1138 1061 mortuis
1185 1023 1437 1075 prodessent
1481 1024 1700 1078 suffragia3
1748 1034 1846 1070 et10

205 1069 414 1144 ¹¹¹Zi'lci'tgiii'izs’
469 1090 568 1143 quia
604 1103 688 1129 non
724 1090 962 1131 sufficimus
997 1092 1236 1132 discernere
1270 1094 1343 1146 qui
1369 1103 1619 1135 meruerunt
1653 1104 1692 1135 et
1715 1097 1787 1149 qui

227 1145 396 1176 canomsts,
468 1173 570 1212 non,
617 1161 690 1214 qui
740 1161 1014 1201 decesserunt
1060 1163 1100 1202 in
1147 1164 1315 1203 mortali
1355 1173 1395 1204 et
1436 1165 1509 1218 qui
1544 1179 1643 1216 non,
1692 1166 1787 1206 ideo

469 1244 640 1270 oramus
674 1232 928 1284 generaliter
959 1246 1038 1286 pro
1068 1234 1270 1274 omnibus
1295 1235 1568 1287 regeneratis,
1603 1236 1656 1276 Et
1679 1238 1791 1277 valet

466 1301 597 1340 eciam
632 1315 710 1354 pro
744 1301 986 1356 dampnatis
1021 1304 1362 1357 quodammodo,
1399 1319 1495 1345 cum
1541 1319 1619 1359 pro
1667 1308 1787 1346 valde

466 1372 588 1411 bonis
620 1381 720 1412 sunt
753 1373 992 1425 graciarum
1025 1374 1232 1425 acciones,
1268 1388 1346 1427 pro
1370 1375 1644 1415 mediocriter
1668 1377 1786 1418 bonis
1809 1390 1845 1422 15

465 1451 505 1482 et
538 1442 659 1482 malis
689 1451 789 1482 sunt
812 1443 1163 1496 propiciaciones‚
1197 1459 1274 1497 pro
1298 1445 1420 1484 valde
1450 1446 1570 1485 malis
1607 1457 1788 1500 prosunt

465 1521 510 1551 ut
551 1513 828 1552 tollerabilior
867 1513 919 1552 sit
953 1514 1010 1553 eis
1050 1514 1319 1567 dampnacio.
1367 1516 1508 1556 Prima
1548 1527 1691 1557 autem
1725 1528 1787 1558 est

463 1583 610 1635 opinio
645 1583 946 1636 theologorum
984 1593 1024 1624 et
1064 1585 1249 1624 secunda
1286 1586 1513 1626 doctorum
1548 1600 1783 1640 canonum;

464 1666 546 1706 que
580 1653 676 1693 licet
703 1654 756 1693 sit
780 1654 912 1706 magis
947 1655 1030 1707 pia,
1064 1656 1201 1708 prima
1232 1665 1372 1696 tamen
1398 1665 1461 1697 est
1483 1658 1615 1710 magis
1639 1659 1782 1698 catho-

462 1723 554 1764 lica.
589 1725 815 1776 Hugucius
848 1734 990 1764 tamen
1026 1726 1128 1766 dicit
1159 1727 1275 1779 quod
1311 1727 1456 1780 opinio
1479 1728 1780 1781 theologorum
1798 1750 1841 1772 20

464 1807 616 1846 parum
657 1794 784 1834 distat
818 1796 870 1834 ab
911 1795 1064 1848 heresi,
1105 1809 1202 1835 cum
1244 1796 1295 1836 de
1336 1807 1522 1850 quatuor
1555 1799 1782 1851 generibus

464 1863 766 1904 defunctorum
788 1865 971 1906 eundem
997 1867 1228 1906 constituat
1252 1867 1378 1907 simul
1403 1877 1444 1908 et
1466 1870 1597 1908 semel
1622 1870 1783 1909 bonum

464 1942 503 1973 et
543 1935 719 1975 malum.
767 1935 865 1975 Ideo
905 1936 1054 1976 dicunt
1095 1937 1319 1977 decretiste
1358 1939 1474 1991 quod
1518 1940 1784 1991 Augustinus

463 2005 668 2057 intellegit
692 2005 731 2044 in
757 2005 823 2045 illa
849 2006 1057 2046 divisione
1077 2007 1414 2061 quadrimembri
1439 2022 1512 2062 per
1535 2010 1784 2050 excellenter

465 2076 598 2114 bonos
631 2089 702 2115 eos
742 2077 813 2129 qui
854 2086 954 2116 sunt
992 2078 1030 2116 in
1074 2078 1176 2129 celo,
1219 2092 1292 2132 per
1337 2079 1609 2119 mediocriter
1649 2081 1783 2120 bonos
1801 2094 1840 2125 25

463 2146 688 2185 salvandos
729 2147 780 2185 ad
821 2156 990 2200 tempus
1035 2157 1273 2200 spectantes
1320 2150 1361 2188 in
1402 2150 1664 2204 purgatorio,
1710 2164 1785 2203 per

463 2217 735 2256 mediocriter
767 2218 901 2257 malos
947 2218 1202 2271 dampnatos
1251 2220 1398 2259 leviter
1437 2220 1477 2259 in
1524 2220 1703 2271 inferno,
1744 2230 1785 2260 et

462 2299 536 2338 per
565 2287 817 2326 excellenter
849 2289 983 2328 malos
1016 2289 1273 2343 dampnatos
1307 2290 1487 2342 gravius.
1530 2291 1583 2331 Et
1615 2291 1782 2331 duobus

515 2423 539 2450 ὅ.
563 2424 601 2450 13:
630 2424 727 2451 sacris
755 2424 968 2452 oracionibus.
1114 2430 1142 2453 b.
1165 2427 1191 2453 A
1213 2426 1242 2454 in
1265 2435 1382 2461 marg:
1411 2427 1604 2456 Oracionum
1631 2428 1778 2464 suffragia

462 2479 497 2497 an
521 2471 699 2506 dampnatis
721 2476 850 2507 prosunt
870 2472 985 2506 (Below
1008 2479 1075 2509 ¹99⁰
1096 2474 1226 2501 without
1246 2475 1332 2501 mark
1347 2474 1382 2501 of
1394 2474 1577 2510 reference).
1687 2484 1727 2510 17-
1748 2476 1781 2502 ln

462 2517 570 2545 codd.:
593 2517 691 2552 prima
712 2518 819 2553 inquit.
964 2527 1008 2546 20.
1030 2521 1058 2547 A
1078 2520 1108 2548 in
1130 2528 1245 2555 marg.:
1268 2520 1441 2556 Hugucius.

522 2636 574 2659 20.
611 2626 661 2658 De
691 2626 848 2668 Hugutio
879 2627 1075 2667 glossatore
1104 2626 1174 2659 vid.
1206 2638 1311 2671 supra
1345 2639 1423 2671 pag.
1461 2632 1524 2663 225
1561 2637 1595 2661 et
1631 2630 1776 2662 Fabricii

464 2683 718 2716 Bibliothecam
747 2684 887 2716 latinam
917 2685 974 2725 VI,
999 2695 1077 2728 pag.
1111 2685 1186 2718 283.
1218 2686 1269 2719 Cf.
1300 2686 1455 2727 Schulte,
1481 2687 1695 2720 Geschichte
1723 2689 1784 2720 der

463 2743 613 2782 Quellen
650 2743 720 2774 und
753 2742 926 2774 Literatur
952 2743 1013 2774 des
1045 2744 1292 2776 Canonischen
1319 2745 1448 2777 Rechts
1475 2746 1498 2787 1,
1525 2756 1557 2787 p.
1590 2745 1783 2790 156—170.

462 2802 512 2832 De
541 2801 729 2839 llostiensi,
756 2801 802 2833 ib.
829 2801 868 2843 11,
895 2813 927 2844 p.
959 2803 1148 2846 ηδ’-ης).
1262 2804 1313 2836 23.
1340 2804 1557 2846 Augustinus
1587 2805 1621 2837 in
1652 2805 1782 2837 Enchi—

460 2859 550 2890 ridio
581 2859 623 2890 de
647 2857 716 2890 fide
746 2869 808 2902 spe
839 2867 872 2891 et
902 2860 1040 2892 caritate
1071 2871 1143 2904 cap.
1165 2862 1249 2893 CIX.
1280 2862 1387 2905 (Opp.
1406 2870 1491 2895 tom.
1512 2864 1567 2904 Vl,
1593 2874 1672 2907 pag.
1701 2862 1781 2908 238)

462 2917 527 2948 and
555 2927 581 2948 c.
606 2918 726 2958 XXIII,
754 2928 857 2950 causa
883 2919 970 2959 XIII,
998 2929 1031 2961 q.
1060 2920 1097 2951 11.
1131 2919 1290 2963 Tempus.
