2045 3312
120 285 201 338 394
845 290 1074 323 JOHANNis
1102 289 1301 322 wvcmr.
1513 272 1618 331 [cAp.
1640 281 1735 310 xvii.

411 409 450 439 et
483 413 581 439 cum
615 397 729 437 nulla
768 397 819 436 sit
858 396 1029 436 ecclesia
1074 394 1340 448 triumphans
1374 393 1451 434 nisi
1497 406 1579 446 que
1624 392 1886 445 prius183eD

411 470 488 511 fuit
521 468 706 509 militans
742 467 806 522 (ssut
839 465 1117 506 declarabitur
1149 462 1355 517 inferius),
1400 463 1588 516 sequitur
1621 463 1739 516 quod

410 541 477 580 illa
502 538 672 580 ecclesia
705 537 970 591 triumphans
994 550 1076 590 que
1100 535 1177 575 fuit
1199 548 1275 588 pro
1299 534 1433 587 prima
1456 542 1562 573 etate
1591 532 1738 572 mundi

411 610 489 651 fuit
521 619 622 650 tunc
656 608 828 649 ecclesia
860 607 1058 647 militans.
1105 606 1203 646 Non
1248 604 1360 644 enin]
1408 612 1468 643 est
1513 601 1572 642 fas
1606 603 1740 643 dicere

413 681 531 736 quod
564 693 676 720 nunc
710 692 797 718 non
830 677 880 718 sit
915 676 1087 717 ecclesia
1120 674 1385 728 triumphans
1432 685 1506 712 nec
1539 674 1612 713 erit
1646 682 1773 718 ante5

412 752 525 791 diem
556 747 876 791 resurreccionis
922 746 1070 798 finalis,
1116 759 1192 785 nec
1240 745 1298 784 fas
1345 754 1405 784 est
1449 745 1581 785 dicere
1623 744 1738 797 quod

414 822 560 862 solum
593 819 785 860 Christus
819 817 885 858 vel
918 817 997 857 alia
1031 830 1210 870 persona
1241 815 1442 867 humana,
1487 814 1519 854 si
1567 814 1651 853 iam
1691 813 1742 853 sit

414 893 534 931 beata
565 890 606 929 in
642 902 815 943 corpore
849 897 889 928 et
921 887 1074 940 anima,
1114 886 1166 927 sit
1198 886 1332 926 modo
1379 884 1550 925 ecclesia
1593 884 1741 925 trium-

415 961 562 1015 phans.

120 1041 152 1069 ln
187 1039 322 1078 denyjng
351 1038 402 1066 the
475 1032 535 1071 Ex
568 1031 656 1072 istis
688 1030 852 1069 videtur
892 1028 994 1068 mihi
1028 1028 1147 1082 quod
1180 1036 1278 1081 post
1323 1026 1484 1066 hereses
1529 1026 1579 1065 de
1626 1025 1742 1066 trini·
1765 1048 1802 1069 10

123 1081 334 1139 exigt'gggffgss
351 1108 402 1136 the
417 1112 499 1143 tate
524 1111 563 1142 et
585 1100 882 1141 incarnacione
905 1113 993 1138 non
1018 1098 1094 1138 fuit
1126 1097 1278 1137 heresis
1302 1095 1582 1150 periculosior
1615 1109 1746 1150 quam

123 1144 403 1244 ῐῖίἓξέἔιῗῐὲζέἒὲῆ
418 1171 682 1227 pertinaciter
714 1170 936 1210 defendere
969 1170 1086 1223 quod
1122 1182 1195 1222 per
1226 1176 1366 1207 totum
1398 1176 1566 1220 tempus
1598 1165 1746 1205 veteris

418 1241 659 1284 testamenti
703 1254 792 1280 non
837 1240 915 1280 fuit
957 1238 1129 1279 ecclesia
1176 1247 1317 1277 sancta
1365 1236 1588 1289 catholica;
1647 1245 1746 1276 tunc

420 1314 534 1354 enim
567 1311 762 1352 deficeret
806 1310 999 1351 fidelibus
1046 1319 1133 1349 tam
1179 1308 1389 1349 viantibus
1436 1321 1566 1361 quam
1597 1306 1746 1347 trium—

420 1383 648 1438 phantibus
683 1381 915 1435 solempnis
948 1380 1147 1420 articulus
1171 1377 1280 1429 fidei,
1305 1378 1547 1418 immediate
1570 1390 1748 1431 sequens
1769 1388 1805 1420 15

419 1463 517 1509 post
540 1453 763 1494 articulum
787 1453 836 1491 de
860 1451 1006 1505 spiritu
1031 1458 1190 1501 sancto,
1221 1449 1338 1502 quod
1363 1456 1423 1488 est
1446 1456 1590 1487 contra
1621 1446 1750 1487 fidem

420 1525 635 1578 scripture,
669 1532 813 1564 contra
836 1530 1001 1561 sanctos
1025 1518 1311 1560 doctoressset
1343 1519 1432 1558 iura
1462 1518 1643 1570 ecclesie,
1668 1531 1749 1571 que
1771 1525 1849 1561 183cl

422 1597 566 1636 dicunt
599 1593 863 1636 concorditer
896 1592 1012 1645 quod
1045 1590 1179 1630 fidelis
1213 1590 1335 1629 debet
1368 1589 1531 1628 credere
1553 1588 1595 1627 in
1629 1587 1747 1641 spiri-

421 1677 514 1708 tum
546 1674 753 1716 sanctum,
788 1672 978 1703 sanctam
1001 1660 1219 1701 ecclesiam
1242 1659 1506 1700 catholicam.
1541 1659 1639 1698 ldeo
1664 1667 1750 1698 tam

423 1737 557 1778 clerici
604 1749 734 1790 quam
781 1733 872 1773 laici
921 1732 1076 1772 debent
1120 1738 1361 1771 constanter
1404 1742 1654 1782 consurgere
1699 1728 1750 1767 ad
1767 1749 1808 1770 20

423 1808 553 1848 istum
577 1805 800 1846 articulum
825 1803 1068 1853 defendum,
1100 1801 1254 1841 scilicet
1277 1801 1392 1854 quod
1415 1799 1587 1840 ecclesia
1609 1807 1750 1838 sancta

425 1877 630 1918 catholica
654 1875 731 1916 fuit
762 1889 785 1915 a
818 1873 967 1914 mundi
991 1871 1200 1926 principio
1225 1871 1344 1911 cuius
1367 1883 1461 1924 pars
1485 1869 1750 1922 triumphans

425 1957 485 1989 est
517 1947 686 2001 spiritus
720 1945 880 1985 celestis
916 1943 981 1999 (ut
1014 1943 1096 1982 dixi
1130 1939 1354 1997 superius).

483 2018 607 2059 Unde
639 2017 682 2056 in
712 2016 773 2055 De
797 2013 1104 2065 Questionibus
1127 2012 1275 2052 veteris
1308 2020 1347 2051 et
1379 2024 1487 2050 nove
1520 2009 1620 2063 legis
1655 2023 1742 2062 cap.
1766 2019 1798 2052 Ε

425 2089 611 2139 XLV110‚
632 2086 892 2141 Augustinus
917 2097 1133 2137 exponens
1156 2082 1258 2122 illud
1283 2081 1384 2121 Isaie
1407 2081 1497 2132 IV0,
1531 2090 1567 2120 1:
1590 2080 1752 2133 Appre-
1770 2089 1808 2122 25

426 2159 609 2200 lzendent
653 2163 809 2211 septem
859 2155 1061 2195 mulieres
1105 2154 1245 2193 virum
1292 2165 1425 2191 unum
1472 2151 1512 2190 in
1562 2150 1628 2190 die
1680 2149 1753 2189 illa

428 2231 638 2271 dicentes:
670 2228 829 2267 Panem
864 2232 1058 2266 nostrum
1104 2222 1372 2263 comedemus
1418 2229 1457 2262 et
1499 2220 1755 2261 vestimentis

429 2301 587 2342 nostris
645 2299 909 2352 operiemur:
965 2293 1265 2335 tantummodo
1330 2293 1549 2332 invocetur·
1602 2303 1755 2331 nomen

429 2379 550 2413 tuum
583 2382 715 2423 super
747 2381 838 2420 nos,
873 2366 1003 2422 aufer
1034 2363 1310 2419 obprobrium
1358 2368 1571 2410 nostrum,
1616 2361 1755 2414 primo

431 2441 530 2482 dicit
583 2440 701 2494 quod
764 2438 971 2492 propheta
1033 2434 1222 2489 loquitur
1283 2434 1333 2472 de
1396 2432 1461 2472 die
1521 2432 1656 2486 gracie
1719 2440 1758 2471 et
1774 2440 1816 2471 ‘30

431 2512 606 2553 muliere
651 2508 928 2563 septemplici,
962 2506 1116 2547 scilicet
1161 2503 1331 2545 ecclesia
1379 2516 1459 2557 que
1504 2511 1564 2542 est
1608 2501 1759 2542 mulier

485 2670 515 2697 4.
537 2661 579 2689 A:
603 2660 672 2687 Non
693 2659 776 2687 enim
800 2658 856 2685 fas.
992 2664 1032 2684 ιο.
1056 2657 1083 2684 Α
1105 2656 1133 2683 in
1157 2663 1272 2689 marg.:
1294 2652 1475 2682 Conclusio.
1613 2648 1654 2678 25.
1677 2651 1704 2677 A
1726 2649 1756 2677 in

434 2716 549 2742 marg.:
572 2706 779 2741 Augustinus.
888 2703 928 2731 25.
948 2704 994 2730 26.
1015 2704 1044 2730 Α
1060 2702 1080 2729 Β
1102 2703 1131 2729 in
1154 2709 1271 2736 marg.:
1293 2699 1538 2735 Apprehendent
1553 2702 1669 2732 septem
1688 2704 1756 2724 mu-

434 2756 523 2784 lieres
535 2754 638 2782 virum
653 2753 690 2781 de
704 2752 834 2780 ecclesia
855 2750 1037 2785 intelligitur
1051 2749 1173 2782 (Above
1194 2748 1259 2776 183d
1281 2747 1412 2775 without
1426 2745 1513 2773 mark
1528 2745 1561 2772 of
1574 2743 1756 2777 reference).

495 2872 547 2906 25.
575 2874 662 2913 Aug.
682 2870 918 2909 Quaestiones
938 2879 977 2900 ex
997 2869 1104 2900 veteri
1133 2874 1210 2899 test.
1230 2876 1302 2908 cap.
1323 2864 1460 2897 XLVII.
1478 2864 1570 2908 Opp.
1590 2870 1675 2895 tom.
1695 2862 1749 2904 ΙΙΙ,

435 2932 597 2977 Append.
624 2941 703 2975 pag.
731 2929 786 2962 60.
