2045 3312
82 290 167 331 294

138 1103 217 1130 This
239 1102 315 1130 false

87 1139 222 1175 security
237 1137 364 1165 hinders

87 1173 218 1202 Christ's
240 1173 353 1208 priests

105 1208 186 1236 from
207 1207 348 1242 warning

131 1244 180 1272 the
201 1243 321 1279 people.

814 284 1038 317 JOHANNIS
1065 284 1262 316 wvcrli‘.
1491 267 1596 326 [CAP.
1614 279 1691 307 xm.

369 393 446 432 hec
497 392 609 431 racio
654 404 783 446 quare
828 390 941 428 Deus
999 389 1051 428 ad
1097 389 1425 442 abstergendum
1479 388 1845 444 cecitaten1170bN

372 463 636 502 mundanam
689 461 740 500 ab
794 460 927 500 oculis
979 459 1133 499 mentis
1185 467 1326 498 nostre
1372 458 1538 498 ordinat
1584 472 1695 498 nunc

371 531 697 573 translacionem
761 543 993 584 regnorum
1045 529 1087 568 in
1140 543 1225 582 qua
1278 528 1537 580 extinguitur
1601 528 1695 568 cleri

372 603 590 643 mundana
636 601 848 652 securitas,
893 613 1006 640 nunc
1050 599 1256 653 permittit
1302 598 1526 652 predones,
1571 598 1697 650 fures,

372 673 615 713 incendium
647 673 713 712 vel
735 671 867 711 alium
890 679 1090 710 eventum
1114 669 1337 710 fortuitum
1369 668 1546 709 evenire.
1576 669 1698 709 Unde
1716 682 1731 713 5

374 744 576 784 tollantur
622 742 872 795 temporalia
911 741 953 780 in
993 740 1147 794 quibus
1187 739 1393 779 seculares
1433 739 1566 779 clerici
1605 752 1698 792 pre-

376 823 544 867 postere
589 812 871 860 confidebant,
907 820 947 851 et
980 824 1092 850 nunc
1125 810 1253 850 tercio
1292 809 1497 863 permittit
1540 808 1698 848 dissen-

376 885 516 924 siones
563 883 660 923 orIri
704 883 810 922 inter
856 891 1007 935 partes,
1052 881 1206 921 tollens
1251 880 1378 919 seculi
1425 888 1618 933 potentes
1651 879 1700 918 de

375 954 517 995 medio
550 968 624 1008 per
655 954 774 1007 quod
797 952 1038 993 coniectura
1061 951 1330 1005 providencie
1360 951 1546 990 humane
1570 949 1701 989 eciam

377 1026 419 1065 in
453 1024 737 1078 superioribus
771 1023 941 1064 ecclesie
974 1022 1115 1076 sepius
1148 1031 1209 1062 est
1242 1030 1410 1061 cassata.
1723 1044 1761 1065 10

437 1095 623 1136 Ulterius
653 1094 888 1134 consideret
923 1092 1076 1133 Christi
1109 1091 1340 1145 discipulus
1379 1090 1410 1129 si
1446 1090 1523 1130 ista
1556 1099 1734 1138 vocat-211
1761 1104 1792 1138 0

380 1166 600 1206 mundana
632 1165 830 1205 securitas
854 1172 1063 1204 assecurat
1093 1162 1339 1202 altrinsecus
1362 1161 1705 1200 elemosinatores

381 1250 427 1276 ac
471 1235 772 1275 elemosinatos
816 1236 867 1274 de
914 1233 1164 1286 accepcione
1205 1246 1385 1285 operum
1422 1231 1706 1271 misericordie

382 1307 525 1361 quoad
557 1307 709 1345 Deum.
748 1306 901 1344 Nonne
935 1304 1011 1343 ista
1044 1302 1316 1343 mundialitas
1349 1303 1529 1342 retardat
1553 1301 1706 1341 Christi

382 1376 648 1431 presbiteros,
694 1383 740 1415 ut
783 1375 1014 1414 ascendant
1057 1374 1110 1413 ad
1155 1373 1371 1427 speculam
1416 1372 1619 1425 scripture
1663 1372 1703 1410 in
1728 1387 1763 1419 ,5

382 1461 465 1501 qua
489 1454 663 1500 possent
685 1445 830 1485 omnia
862 1444 1046 1497 pericula
1080 1443 1250 1483 ecclesie
1274 1457 1296 1481 a
1321 1442 1469 1482 mundi
1500 1441 1708 1495 principio

383 1531 516 1571 usque
563 1516 605 1555 in
651 1515 779 1555 finem
813 1514 1122 1568 premuniendo
1157 1512 1374 1553 ecclesiam
1407 1511 1610 1565 speculari
1644 1513 1709 1566 (ut

383 1597 501 1628 notat
535 1587 739 1640 scriptura
770 1585 944 1625 Jeremie
983 1585 1141 1624 XXXIO
1173 1592 1213 1623 et
1246 1583 1440 1623 Ezechiel
1470 1579 1709 1637 ΧΧΧΙΙΙΟ)Ϊμ

383 1659 511 1698 Notet
556 1657 742 1698 secundo
801 1656 833 1695 si
893 1655 969 1695 ista
1029 1654 1201 1708 copiosa
1253 1654 1470 1693 mundana
1515 1653 1749 1701 securitas2

386 1728 482 1768 facit
526 1728 627 1768 istos
671 1727 953 1781 speculatores
1009 1724 1289 1778 sornpniferos
1342 1733 1381 1764 et
1436 1724 1603 1776 ignaros
1659 1723 1709 1762 ad
1726 1748 1767 1769 20

387 1799 464 1838 ista
510 1798 693 1851 pericula
738 1796 908 1837 ecclesie
954 1795 1277 1849 previdendum‚
1310 1795 1405 1834 illos
1439 1803 1581 1834 autem
1616 1793 1711 1833 facit

387 1869 557 1908 timidos
580 1869 631 1908 ad
656 1868 840 1921 pericula
863 1866 1185 1919 dampnacionis
1215 1865 1361 1919 populi
1393 1865 1710 1918 predicendum,

388 1950 427 1979 et
471 1939 575 1978 alios
620 1939 695 1992 qui
742 1937 879 1978 forent
924 1937 1052 1976 altilia
1098 1936 1193 1976 facit
1226 1935 1403 1989 reptilia7
1437 1934 1712 1988 indispositos

387 2009 680 2050 adorandum
724 2022 799 2061 pro
845 2007 1113 2047 subditorum
1157 2006 1303 2057 salute,
1348 2006 1455 2045 inter
1495 2005 1634 2044 Deum
1674 2015 1713 2045 et

392 2080 603 2133 populum
650 2078 895 2129 mediando,
941 2078 1005 2117 vel
1049 2078 1101 2117 ad
1145 2077 1397 2116 merendum
1442 2076 1516 2115 sibi
1552 2086 1591 2115 et
1624 2075 1713 2115 aliis
1731 2088 1770 2121 25

391 2158 650 2190 sacramenta
695 2148 974 2188 ministrando
1020 2148 1084 2187 vel
1131 2147 1396 2199 evangelium
1444 2146 1712 2198 predicando,

393 2220 511 2261 Unde
559 2228 802 2258 notaremus
848 2218 1093 2271 parabolam
1127 2211 1296 2268 Christi,
1333 2217 1445 2255 Luce
1494 2216 1602 2266 ΧΙΙΟ,
1643 2215 1754 2261 ubig

393 2290 567 2344 precipit
600 2302 743 2329 cavere
776 2289 826 2328 ab
860 2287 976 2327 omni
1011 2287 1202 2338 avaricia,
1237 2286 1335 2340 quia
1368 2284 1519 2324 nonin
1552 2284 1712 2324 diviciis

393 2361 645 2414 cuiusquam
696 2359 779 2398 vita
828 2359 916 2398 eius
961 2366 1034 2410 est,
1080 2357 1186 2396 sicut
1233 2356 1381 2409 probat
1428 2355 1477 2394 de
1525 2355 1713 2407 quodam

392 2431 533 2482 divite,
580 2429 829 2469 sollicitante
869 2442 911 2467 se
950 2427 1056 2467 circa
1090 2425 1455 2466 inhorreacionem
1502 2426 1715 2464 bonorum
1733 2439 1773 2470 30

394 2514 583 2551 suorum,
624 2508 662 2538 et
702 2499 848 2538 eadem
895 2507 1018 2537 nocte
1064 2497 1141 2536 suit
1183 2496 1323 2536 anima
1368 2495 1455 2535 eius
1489 2504 1605 2548 rapta
1646 2509 1717 2548 per

394 2572 612 2610 demones.
631 2569 925 2622 Cogitaremus
945 2569 1114 2620 insuper
1129 2568 1231 2607 illud
1250 2565 1478 2606 Ezechielis
1497 2566 1624 2616 XVI⁰‚
1640 2575 1713 2617 49:

396 2640 492 2681 Hec
527 2640 622 2694 fuit
664 2640 869 2692 iniquitas
916 2638 1110 2689 Sodome,
1156 2638 1324 2677 sororis
1369 2644 1450 2687 tue,
1495 2635 1758 2687 superbia,4

395 2713 605 2750 saturitas
631 2712 762 2763 panis
795 2717 833 2749 et
872 2709 1179 2749 habundancia
1219 2716 1257 2748 et
1297 2707 1452 2757 ocium,
1492 2719 1573 2758 que
1611 2719 1715 2759 qua-

449 2892 482 2910 11.
504 2884 532 2910 A
553 2884 581 2910 iu
605 2891 718 2917 marga
741 2882 819 2909 Nota
842 2882 938 2908 bonas
957 2881 1245 2908 consideraciones.
1286 2879 1365 2907 Nom
1387 2884 1496 2906 coium
1520 2878 1715 2906 >acui—itatem

399 2930 582 2957 dotacionis.
728 2928 773 2962 34.
796 2929 823 2956 A
844 2929 882 2964 A,
899 2937 905 2954 :
924 2929 1042 2956 odium.
