<?xml version="1.0" encoding="UTF-8"?>
<!DOCTYPE html PUBLIC "-//W3C//DTD XHTML 1.0 Transitional//EN"
    "http://www.w3.org/TR/xhtml1/DTD/xhtml1-transitional.dtd">
<html xmlns="http://www.w3.org/1999/xhtml" xml:lang="en" lang="en">
 <head>
  <title>
</title>
<meta http-equiv="Content-Type" content="text/html;charset=utf-8" />
  <meta name='ocr-system' content='tesseract 3.04.00' />
  <meta name='ocr-capabilities' content='ocr_page ocr_carea ocr_par ocr_line ocrx_word'/>
</head>
<body>
  <div class='ocr_page' id='page_1' title='image "./iohanniswycliftr04wycl_0315.png"; bbox 0 0 2045 3312; ppageno 0'>
   <div class='ocr_carea' id='block_1_1' title="bbox 286 252 1123 310">
    <p class='ocr_par' dir='ltr' id='par_1_1' title="bbox 286 252 1123 310">
     <span class='ocr_line' id='line_1_1' title="bbox 286 252 1123 310; baseline 0.004 -19"><span class='ocrx_word' id='word_1_1' title='bbox 286 263 373 291; x_wconf 76' lang='lat' dir='ltr'>CAP.</span> <span class='ocrx_word' id='word_1_2' title='bbox 389 252 485 310; x_wconf 76' lang='lat' dir='ltr'>xiii]</span> <span class='ocrx_word' id='word_1_3' title='bbox 803 264 861 295; x_wconf 82' lang='lat' dir='ltr'>DE</span> <span class='ocrx_word' id='word_1_4' title='bbox 888 263 1123 295; x_wconf 75' lang='lat' dir='ltr'>ECCLEslA.</span> 
     </span>
    </p>
   </div>
   <div class='ocr_carea' id='block_1_2' title="bbox 144 366 1622 2948">
    <p class='ocr_par' dir='ltr' id='par_1_2' title="bbox 144 366 1622 629">
     <span class='ocr_line' id='line_1_2' title="bbox 144 366 1622 427; baseline -0.009 -10"><span class='ocrx_word' id='word_1_5' title='bbox 144 385 177 418; x_wconf 89' lang='lat' dir='ltr'>B</span> <span class='ocrx_word' id='word_1_6' title='bbox 203 382 281 427; x_wconf 75' lang='lat' dir='ltr'>167d</span> <span class='ocrx_word' id='word_1_7' title='bbox 295 387 368 426; x_wconf 84' lang='lat' dir='ltr'>per</span> <span class='ocrx_word' id='word_1_8' title='bbox 389 372 512 412; x_wconf 83' lang='lat' dir='ltr'>istam</span> <span class='ocrx_word' id='word_1_9' title='bbox 534 370 784 425; x_wconf 76' lang='lat' dir='ltr'>particulam</span> <span class='ocrx_word' id='word_1_10' title='bbox 805 382 901 409; x_wconf 81' lang='lat' dir='ltr'>cum</span> <span class='ocrx_word' id='word_1_11' title='bbox 918 368 1114 422; x_wconf 74' lang='lat' dir='ltr'>paribus.</span> <span class='ocrx_word' id='word_1_12' title='bbox 1139 366 1360 420; x_wconf 86' lang='lat' dir='ltr'>Contingit</span> <span class='ocrx_word' id='word_1_13' title='bbox 1384 375 1524 407; x_wconf 81' lang='lat' dir='ltr'>autem</span> <span class='ocrx_word' id='word_1_14' title='bbox 1549 379 1622 418; x_wconf 88' lang='lat' dir='ltr'>per</span> 
     </span>
     <span class='ocr_line' id='line_1_3' title="bbox 298 435 1620 490; baseline -0.006 -7"><span class='ocrx_word' id='word_1_15' title='bbox 298 443 490 483; x_wconf 89' lang='lat' dir='ltr'>accidens</span> <span class='ocrx_word' id='word_1_16' title='bbox 523 441 781 481; x_wconf 89' lang='lat' dir='ltr'>occisionem</span> <span class='ocrx_word' id='word_1_17' title='bbox 802 438 990 478; x_wconf 90' lang='lat' dir='ltr'>hominis</span> <span class='ocrx_word' id='word_1_18' title='bbox 1022 437 1088 476; x_wconf 91' lang='lat' dir='ltr'>vel</span> <span class='ocrx_word' id='word_1_19' title='bbox 1121 436 1209 476; x_wconf 87' lang='lat' dir='ltr'>eius</span> <span class='ocrx_word' id='word_1_20' title='bbox 1232 435 1506 490; x_wconf 83' lang='lat' dir='ltr'>punicionen]</span> <span class='ocrx_word' id='word_1_21' title='bbox 1532 449 1620 475; x_wconf 89' lang='lat' dir='ltr'>esse</span> 
     </span>
     <span class='ocr_line' id='line_1_4' title="bbox 296 507 1621 567; baseline -0.006 -15"><span class='ocrx_word' id='word_1_22' title='bbox 296 512 430 567; x_wconf 85' lang='lat' dir='ltr'>magis</span> <span class='ocrx_word' id='word_1_23' title='bbox 473 511 740 561; x_wconf 76' lang='lat' dir='ltr'>autenticam,</span> <span class='ocrx_word' id='word_1_24' title='bbox 789 509 887 563; x_wconf 87' lang='lat' dir='ltr'>quia</span> <span class='ocrx_word' id='word_1_25' title='bbox 931 508 1028 561; x_wconf 90' lang='lat' dir='ltr'>plus</span> <span class='ocrx_word' id='word_1_26' title='bbox 1073 508 1163 547; x_wconf 94' lang='lat' dir='ltr'>Deo</span> <span class='ocrx_word' id='word_1_27' title='bbox 1208 507 1446 560; x_wconf 83' lang='lat' dir='ltr'>placentem</span> <span class='ocrx_word' id='word_1_28' title='bbox 1490 519 1621 559; x_wconf 80' lang='lat' dir='ltr'>quam</span> 
     </span>
     <span class='ocr_line' id='line_1_5' title="bbox 299 575 1620 629; baseline -0.006 -7"><span class='ocrx_word' id='word_1_29' title='bbox 299 584 396 623; x_wconf 82' lang='lat' dir='ltr'>data</span> <span class='ocrx_word' id='word_1_30' title='bbox 426 581 621 621; x_wconf 87' lang='lat' dir='ltr'>liberacio</span> <span class='ocrx_word' id='word_1_31' title='bbox 656 594 679 620; x_wconf 88' lang='lat' dir='ltr'>a</span> <span class='ocrx_word' id='word_1_32' title='bbox 710 588 847 619; x_wconf 86' lang='lat' dir='ltr'>morte</span> <span class='ocrx_word' id='word_1_33' title='bbox 880 579 945 618; x_wconf 86' lang='lat' dir='ltr'>vel</span> <span class='ocrx_word' id='word_1_34' title='bbox 967 577 1180 618; x_wconf 81' lang='lat' dir='ltr'>restitucio</span> <span class='ocrx_word' id='word_1_35' title='bbox 1214 577 1266 616; x_wconf 90' lang='lat' dir='ltr'>ad</span> <span class='ocrx_word' id='word_1_36' title='bbox 1298 575 1620 629; x_wconf 83' lang='lat' dir='ltr'>prosperitatem</span> 
     </span>
    </p>

    <p class='ocr_par' dir='ltr' id='par_1_3' title="bbox 264 645 1621 983">
     <span class='ocr_line' id='line_1_6' title="bbox 264 645 1621 701; baseline -0.006 -9"><span class='ocrx_word' id='word_1_37' title='bbox 264 654 337 697; x_wconf 67' lang='lat' dir='ltr'>§in</span> <span class='ocrx_word' id='word_1_38' title='bbox 372 652 494 692; x_wconf 90' lang='lat' dir='ltr'>bonis</span> <span class='ocrx_word' id='word_1_39' title='bbox 526 660 673 691; x_wconf 89' lang='lat' dir='ltr'>nature</span> <span class='ocrx_word' id='word_1_40' title='bbox 705 650 771 689; x_wconf 87' lang='lat' dir='ltr'>vel</span> <span class='ocrx_word' id='word_1_41' title='bbox 804 649 986 701; x_wconf 79' lang='lat' dir='ltr'>fortune,</span> <span class='ocrx_word' id='word_1_42' title='bbox 1020 646 1244 701; x_wconf 90' lang='lat' dir='ltr'>supposito</span> <span class='ocrx_word' id='word_1_43' title='bbox 1277 646 1395 700; x_wconf 82' lang='lat' dir='ltr'>quod</span> <span class='ocrx_word' id='word_1_44' title='bbox 1427 645 1621 698; x_wconf 75' lang='lat' dir='ltr'>precedat</span> 
     </span>
     <span class='ocr_line' id='line_1_7' title="bbox 297 715 1621 772; baseline -0.007 -9"><span class='ocrx_word' id='word_1_45' title='bbox 297 738 345 764; x_wconf 80' lang='lat' dir='ltr'>ex</span> <span class='ocrx_word' id='word_1_46' title='bbox 377 722 527 762; x_wconf 88' lang='lat' dir='ltr'>maiori</span> <span class='ocrx_word' id='word_1_47' title='bbox 561 721 741 761; x_wconf 85' lang='lat' dir='ltr'>caritate.</span> <span class='ocrx_word' id='word_1_48' title='bbox 795 720 1131 772; x_wconf 82' lang='lat' dir='ltr'>Verumptamen</span> <span class='ocrx_word' id='word_1_49' title='bbox 1171 730 1270 757; x_wconf 90' lang='lat' dir='ltr'>cum</span> <span class='ocrx_word' id='word_1_50' title='bbox 1309 715 1505 770; x_wconf 87' lang='lat' dir='ltr'>operacio</span> <span class='ocrx_word' id='word_1_51' title='bbox 1539 729 1621 769; x_wconf 84' lang='lat' dir='ltr'>que</span> 
     </span>
     <span class='ocr_line' id='line_1_8' title="bbox 297 786 1621 833; baseline -0.007 0"><span class='ocrx_word' id='word_1_52' title='bbox 297 793 531 833; x_wconf 88' lang='lat' dir='ltr'>secundum</span> <span class='ocrx_word' id='word_1_53' title='bbox 579 805 622 831; x_wconf 91' lang='lat' dir='ltr'>se</span> <span class='ocrx_word' id='word_1_54' title='bbox 667 799 705 830; x_wconf 92' lang='lat' dir='ltr'>et</span> <span class='ocrx_word' id='word_1_55' title='bbox 750 790 986 830; x_wconf 90' lang='lat' dir='ltr'>secundum</span> <span class='ocrx_word' id='word_1_56' title='bbox 1032 802 1127 828; x_wconf 89' lang='lat' dir='ltr'>suas</span> <span class='ocrx_word' id='word_1_57' title='bbox 1177 786 1516 827; x_wconf 85' lang='lat' dir='ltr'>circumstancias</span> <span class='ocrx_word' id='word_1_58' title='bbox 1561 794 1621 825; x_wconf 90' lang='lat' dir='ltr'>est</span> 
     </span>
     <span class='ocr_line' id='line_1_9' title="bbox 297 857 1618 916; baseline -0.006 -13"><span class='ocrx_word' id='word_1_59' title='bbox 297 862 524 916; x_wconf 88' lang='lat' dir='ltr'>exemplari</span> <span class='ocrx_word' id='word_1_60' title='bbox 570 875 648 901; x_wconf 91' lang='lat' dir='ltr'>suo</span> <span class='ocrx_word' id='word_1_61' title='bbox 688 861 731 900; x_wconf 91' lang='lat' dir='ltr'>in</span> <span class='ocrx_word' id='word_1_62' title='bbox 765 859 935 900; x_wconf 90' lang='lat' dir='ltr'>Christo</span> <span class='ocrx_word' id='word_1_63' title='bbox 969 858 1160 910; x_wconf 73' lang='lat' dir='ltr'>similior,</span> <span class='ocrx_word' id='word_1_64' title='bbox 1205 857 1327 897; x_wconf 90' lang='lat' dir='ltr'>debet</span> <span class='ocrx_word' id='word_1_65' title='bbox 1372 869 1618 909; x_wconf 89' lang='lat' dir='ltr'>correspon-</span> 
     </span>
     <span class='ocr_line' id='line_1_10' title="bbox 297 927 1621 983; baseline -0.007 -9"><span class='ocrx_word' id='word_1_66' title='bbox 297 935 442 974; x_wconf 87' lang='lat' dir='ltr'>denter</span> <span class='ocrx_word' id='word_1_67' title='bbox 480 946 567 973; x_wconf 90' lang='lat' dir='ltr'>esse</span> <span class='ocrx_word' id='word_1_68' title='bbox 607 930 872 983; x_wconf 79' lang='lat' dir='ltr'>caritativior,</span> <span class='ocrx_word' id='word_1_69' title='bbox 912 943 1111 983; x_wconf 87' lang='lat' dir='ltr'>suppono</span> <span class='ocrx_word' id='word_1_70' title='bbox 1151 929 1269 982; x_wconf 88' lang='lat' dir='ltr'>quod</span> <span class='ocrx_word' id='word_1_71' title='bbox 1305 928 1533 981; x_wconf 80' lang='lat' dir='ltr'>loquamur</span> <span class='ocrx_word' id='word_1_72' title='bbox 1570 927 1621 966; x_wconf 89' lang='lat' dir='ltr'>de</span> 
     </span>
    </p>

    <p class='ocr_par' dir='ltr' id='par_1_4' title="bbox 245 996 1622 1337">
     <span class='ocr_line' id='line_1_11' title="bbox 245 996 1622 1056; baseline -0.007 -11"><span class='ocrx_word' id='word_1_73' title='bbox 245 1025 282 1046; x_wconf 92' lang='lat'>10</span> <span class='ocrx_word' id='word_1_74' title='bbox 298 1002 629 1045; x_wconf 86' lang='lat' dir='ltr'>autenticacione</span> <span class='ocrx_word' id='word_1_75' title='bbox 653 1001 791 1054; x_wconf 90' lang='lat' dir='ltr'>operis</span> <span class='ocrx_word' id='word_1_76' title='bbox 816 999 877 1056; x_wconf 86' lang='lat' dir='ltr'>(in</span> <span class='ocrx_word' id='word_1_77' title='bbox 901 1008 1110 1054; x_wconf 80' lang='lat' dir='ltr'>quantum</span> <span class='ocrx_word' id='word_1_78' title='bbox 1131 996 1412 1051; x_wconf 80' lang='lat' dir='ltr'>huiusmodi),</span> <span class='ocrx_word' id='word_1_79' title='bbox 1452 1007 1491 1037; x_wconf 94' lang='lat' dir='ltr'>et</span> <span class='ocrx_word' id='word_1_80' title='bbox 1523 1010 1622 1037; x_wconf 90' lang='lat' dir='ltr'>cum</span> 
     </span>
     <span class='ocr_line' id='line_1_12' title="bbox 299 1068 1620 1124; baseline -0.006 -10"><span class='ocrx_word' id='word_1_81' title='bbox 299 1074 439 1114; x_wconf 91' lang='lat' dir='ltr'>omnis</span> <span class='ocrx_word' id='word_1_82' title='bbox 484 1071 762 1113; x_wconf 90' lang='lat' dir='ltr'>autenticacio</span> <span class='ocrx_word' id='word_1_83' title='bbox 808 1071 945 1124; x_wconf 89' lang='lat' dir='ltr'>operis</span> <span class='ocrx_word' id='word_1_84' title='bbox 1000 1069 1131 1110; x_wconf 89' lang='lat' dir='ltr'>nostri</span> <span class='ocrx_word' id='word_1_85' title='bbox 1180 1068 1479 1122; x_wconf 86' lang='lat' dir='ltr'>correspondet</span> <span class='ocrx_word' id='word_1_86' title='bbox 1521 1080 1620 1120; x_wconf 91' lang='lat' dir='ltr'>pro-</span> 
     </span>
     <span class='ocr_line' id='line_1_13' title="bbox 299 1138 1618 1198; baseline -0.002 -17"><span class='ocrx_word' id='word_1_87' title='bbox 299 1143 598 1198; x_wconf 88' lang='lat' dir='ltr'>porcionaliter</span> <span class='ocrx_word' id='word_1_88' title='bbox 648 1141 953 1196; x_wconf 85' lang='lat' dir='ltr'>approbacioni</span> <span class='ocrx_word' id='word_1_89' title='bbox 1000 1139 1169 1191; x_wconf 81' lang='lat' dir='ltr'>Christi,</span> <span class='ocrx_word' id='word_1_90' title='bbox 1221 1148 1338 1192; x_wconf 87' lang='lat' dir='ltr'>patet</span> <span class='ocrx_word' id='word_1_91' title='bbox 1389 1138 1618 1178; x_wconf 86' lang='lat' dir='ltr'>conclusio.</span> 
     </span>
     <span class='ocr_line' id='line_1_14' title="bbox 300 1209 1620 1264; baseline -0.005 -10"><span class='ocrx_word' id='word_1_92' title='bbox 300 1217 438 1255; x_wconf 89' lang='lat' dir='ltr'>Nemo</span> <span class='ocrx_word' id='word_1_93' title='bbox 474 1213 588 1254; x_wconf 88' lang='lat' dir='ltr'>enim</span> <span class='ocrx_word' id='word_1_94' title='bbox 620 1212 742 1252; x_wconf 89' lang='lat' dir='ltr'>debet</span> <span class='ocrx_word' id='word_1_95' title='bbox 766 1211 896 1251; x_wconf 84' lang='lat' dir='ltr'>facere</span> <span class='ocrx_word' id='word_1_96' title='bbox 920 1225 1029 1264; x_wconf 89' lang='lat' dir='ltr'>opus</span> <span class='ocrx_word' id='word_1_97' title='bbox 1064 1209 1348 1250; x_wconf 89' lang='lat' dir='ltr'>misericordie</span> <span class='ocrx_word' id='word_1_98' title='bbox 1371 1209 1450 1247; x_wconf 89' lang='lat' dir='ltr'>nisi</span> <span class='ocrx_word' id='word_1_99' title='bbox 1472 1222 1620 1248; x_wconf 91' lang='lat' dir='ltr'>secun-</span> 
     </span>
     <span class='ocr_line' id='line_1_15' title="bbox 299 1279 1620 1337; baseline -0.005 -12"><span class='ocrx_word' id='word_1_100' title='bbox 299 1287 403 1325; x_wconf 91' lang='lat' dir='ltr'>dum</span> <span class='ocrx_word' id='word_1_101' title='bbox 419 1283 654 1324; x_wconf 85' lang='lat' dir='ltr'>doctrinam</span> <span class='ocrx_word' id='word_1_102' title='bbox 670 1296 800 1337; x_wconf 88' lang='lat' dir='ltr'>quam</span> <span class='ocrx_word' id='word_1_103' title='bbox 815 1281 958 1322; x_wconf 86' lang='lat' dir='ltr'>didicit</span> <span class='ocrx_word' id='word_1_104' title='bbox 972 1296 994 1321; x_wconf 86' lang='lat' dir='ltr'>a</span> <span class='ocrx_word' id='word_1_105' title='bbox 1011 1280 1194 1332; x_wconf 88' lang='lat' dir='ltr'>Christo,</span> <span class='ocrx_word' id='word_1_106' title='bbox 1219 1280 1291 1319; x_wconf 91' lang='lat' dir='ltr'>sed</span> <span class='ocrx_word' id='word_1_107' title='bbox 1315 1293 1413 1320; x_wconf 89' lang='lat' dir='ltr'>cum</span> <span class='ocrx_word' id='word_1_108' title='bbox 1429 1279 1620 1319; x_wconf 84' lang='lat' dir='ltr'>Christus</span> 
     </span>
    </p>

    <p class='ocr_par' dir='ltr' id='par_1_5' title="bbox 246 1349 1621 1548">
     <span class='ocr_line' id='line_1_16' title="bbox 246 1349 1621 1406; baseline -0.006 -10"><span class='ocrx_word' id='word_1_109' title='bbox 246 1355 444 1396; x_wconf 74' lang='lat' dir='ltr'>15docuit</span> <span class='ocrx_word' id='word_1_110' title='bbox 475 1368 554 1395; x_wconf 88' lang='lat' dir='ltr'>nos</span> <span class='ocrx_word' id='word_1_111' title='bbox 597 1355 694 1394; x_wconf 87' lang='lat' dir='ltr'>dare</span> <span class='ocrx_word' id='word_1_112' title='bbox 726 1353 1005 1406; x_wconf 82' lang='lat' dir='ltr'>temporalem</span> <span class='ocrx_word' id='word_1_113' title='bbox 1044 1351 1324 1392; x_wconf 82' lang='lat' dir='ltr'>elemosinam</span> <span class='ocrx_word' id='word_1_114' title='bbox 1361 1359 1400 1390; x_wconf 94' lang='lat' dir='ltr'>et</span> <span class='ocrx_word' id='word_1_115' title='bbox 1438 1363 1525 1389; x_wconf 87' lang='lat' dir='ltr'>non</span> <span class='ocrx_word' id='word_1_116' title='bbox 1564 1349 1621 1389; x_wconf 92' lang='lat' dir='ltr'>sic</span> 
     </span>
     <span class='ocr_line' id='line_1_17' title="bbox 298 1419 1621 1479; baseline -0.003 -16"><span class='ocrx_word' id='word_1_117' title='bbox 298 1433 561 1479; x_wconf 78' lang='lat' dir='ltr'>perpetuam,</span> <span class='ocrx_word' id='word_1_118' title='bbox 594 1423 783 1478; x_wconf 87' lang='lat' dir='ltr'>sequitur</span> <span class='ocrx_word' id='word_1_119' title='bbox 815 1423 932 1476; x_wconf 88' lang='lat' dir='ltr'>quod</span> <span class='ocrx_word' id='word_1_120' title='bbox 961 1421 1204 1476; x_wconf 88' lang='lat' dir='ltr'>temporalis</span> <span class='ocrx_word' id='word_1_121' title='bbox 1238 1420 1536 1461; x_wconf 88' lang='lat' dir='ltr'>elemosinacio</span> <span class='ocrx_word' id='word_1_122' title='bbox 1569 1419 1621 1460; x_wconf 89' lang='lat' dir='ltr'>sit</span> 
     </span>
     <span class='ocr_line' id='line_1_18' title="bbox 297 1494 687 1548; baseline -0.003 -13"><span class='ocrx_word' id='word_1_123' title='bbox 297 1495 432 1548; x_wconf 83' lang='lat' dir='ltr'>magis</span> <span class='ocrx_word' id='word_1_124' title='bbox 464 1494 687 1535; x_wconf 88' lang='lat' dir='ltr'>autentica.</span> 
     </span>
    </p>

    <p class='ocr_par' dir='ltr' id='par_1_6' title="bbox 258 1560 1621 1686">
     <span class='ocr_line' id='line_1_19' title="bbox 258 1560 1621 1619; baseline -0.006 -11"><span class='ocrx_word' id='word_1_125' title='bbox 258 1576 283 1608; x_wconf 81' lang='lat'><strong>2</strong></span> <span class='ocrx_word' id='word_1_126' title='bbox 356 1566 474 1617; x_wconf 85' lang='lat' dir='ltr'>Item,</span> <span class='ocrx_word' id='word_1_127' title='bbox 520 1564 898 1619; x_wconf 86' lang='lat' dir='ltr'>proporcionaliter</span> <span class='ocrx_word' id='word_1_128' title='bbox 930 1572 976 1603; x_wconf 91' lang='lat' dir='ltr'>ut</span> <span class='ocrx_word' id='word_1_129' title='bbox 1023 1561 1219 1616; x_wconf 88' lang='lat' dir='ltr'>operacio</span> <span class='ocrx_word' id='word_1_130' title='bbox 1261 1561 1473 1601; x_wconf 88' lang='lat' dir='ltr'>meritoria</span> <span class='ocrx_word' id='word_1_131' title='bbox 1514 1560 1621 1615; x_wconf 88' lang='lat' dir='ltr'>sapit</span> 
     </span>
     <span class='ocr_line' id='line_1_20' title="bbox 297 1632 1619 1686; baseline -0.003 -11"><span class='ocrx_word' id='word_1_132' title='bbox 297 1635 503 1676; x_wconf 86' lang='lat' dir='ltr'>maiorem</span> <span class='ocrx_word' id='word_1_133' title='bbox 535 1634 833 1685; x_wconf 89' lang='lat' dir='ltr'>humilitatem,</span> <span class='ocrx_word' id='word_1_134' title='bbox 866 1643 926 1674; x_wconf 89' lang='lat' dir='ltr'>est</span> <span class='ocrx_word' id='word_1_135' title='bbox 959 1634 1049 1673; x_wconf 91' lang='lat' dir='ltr'>Deo</span> <span class='ocrx_word' id='word_1_136' title='bbox 1072 1632 1324 1686; x_wconf 83' lang='lat' dir='ltr'>placencior,</span> <span class='ocrx_word' id='word_1_137' title='bbox 1357 1641 1396 1672; x_wconf 91' lang='lat' dir='ltr'>et</span> <span class='ocrx_word' id='word_1_138' title='bbox 1423 1646 1496 1685; x_wconf 88' lang='lat' dir='ltr'>per</span> <span class='ocrx_word' id='word_1_139' title='bbox 1519 1645 1619 1671; x_wconf 93' lang='lat' dir='ltr'>con-</span> 
     </span>
    </p>

    <p class='ocr_par' dir='ltr' id='par_1_7' title="bbox 242 1702 1621 2038">
     <span class='ocr_line' id='line_1_21' title="bbox 242 1702 1621 1760; baseline -0.003 -14"><span class='ocrx_word' id='word_1_140' title='bbox 242 1726 283 1747; x_wconf 86' lang='lat'>20</span> <span class='ocrx_word' id='word_1_141' title='bbox 300 1719 479 1760; x_wconf 82' lang='lat' dir='ltr'>sequens</span> <span class='ocrx_word' id='word_1_142' title='bbox 513 1706 608 1758; x_wconf 91' lang='lat' dir='ltr'>plus</span> <span class='ocrx_word' id='word_1_143' title='bbox 641 1704 851 1745; x_wconf 85' lang='lat' dir='ltr'>autentica</span> <span class='ocrx_word' id='word_1_144' title='bbox 883 1705 997 1757; x_wconf 83' lang='lat' dir='ltr'>apud</span> <span class='ocrx_word' id='word_1_145' title='bbox 1028 1703 1278 1756; x_wconf 83' lang='lat' dir='ltr'>magistrum</span> <span class='ocrx_word' id='word_1_146' title='bbox 1310 1702 1382 1756; x_wconf 84' lang='lat' dir='ltr'>qui</span> <span class='ocrx_word' id='word_1_147' title='bbox 1416 1712 1477 1743; x_wconf 92' lang='lat' dir='ltr'>est</span> <span class='ocrx_word' id='word_1_148' title='bbox 1508 1702 1621 1742; x_wconf 89' lang='lat' dir='ltr'>mitis</span> 
     </span>
     <span class='ocr_line' id='line_1_22' title="bbox 299 1772 1619 1827; baseline -0.004 -11"><span class='ocrx_word' id='word_1_149' title='bbox 299 1786 338 1816; x_wconf 91' lang='lat' dir='ltr'>et</span> <span class='ocrx_word' id='word_1_150' title='bbox 370 1776 541 1817; x_wconf 88' lang='lat' dir='ltr'>humilis</span> <span class='ocrx_word' id='word_1_151' title='bbox 575 1777 720 1827; x_wconf 89' lang='lat' dir='ltr'>corde;</span> <span class='ocrx_word' id='word_1_152' title='bbox 755 1776 826 1814; x_wconf 93' lang='lat' dir='ltr'>sed</span> <span class='ocrx_word' id='word_1_153' title='bbox 859 1775 915 1814; x_wconf 92' lang='lat' dir='ltr'>sic</span> <span class='ocrx_word' id='word_1_154' title='bbox 949 1784 1009 1814; x_wconf 91' lang='lat' dir='ltr'>est</span> <span class='ocrx_word' id='word_1_155' title='bbox 1042 1775 1091 1813; x_wconf 91' lang='lat' dir='ltr'>de</span> <span class='ocrx_word' id='word_1_156' title='bbox 1126 1772 1481 1813; x_wconf 90' lang='lat' dir='ltr'>elemosinacione</span> <span class='ocrx_word' id='word_1_157' title='bbox 1513 1782 1619 1812; x_wconf 90' lang='lat' dir='ltr'>tem-</span> 
     </span>
     <span class='ocr_line' id='line_1_23' title="bbox 298 1843 1620 1900; baseline -0.002 -16"><span class='ocrx_word' id='word_1_158' title='bbox 298 1846 433 1900; x_wconf 81' lang='lat' dir='ltr'>porali</span> <span class='ocrx_word' id='word_1_159' title='bbox 465 1856 657 1899; x_wconf 89' lang='lat' dir='ltr'>respectu</span> <span class='ocrx_word' id='word_1_160' title='bbox 681 1845 1048 1885; x_wconf 85' lang='lat' dir='ltr'>elemosinacionis</span> <span class='ocrx_word' id='word_1_161' title='bbox 1072 1853 1284 1898; x_wconf 91' lang='lat' dir='ltr'>perpetue.</span> <span class='ocrx_word' id='word_1_162' title='bbox 1322 1843 1435 1896; x_wconf 83' lang='lat' dir='ltr'>Ergo</span> <span class='ocrx_word' id='word_1_163' title='bbox 1468 1843 1537 1881; x_wconf 91' lang='lat' dir='ltr'>illa</span> <span class='ocrx_word' id='word_1_164' title='bbox 1560 1852 1620 1882; x_wconf 90' lang='lat' dir='ltr'>est</span> 
     </span>
     <span class='ocr_line' id='line_1_24' title="bbox 297 1913 1619 1970; baseline -0.003 -15"><span class='ocrx_word' id='word_1_165' title='bbox 297 1916 430 1970; x_wconf 83' lang='lat' dir='ltr'>magis</span> <span class='ocrx_word' id='word_1_166' title='bbox 464 1915 686 1955; x_wconf 86' lang='lat' dir='ltr'>autentica.</span> <span class='ocrx_word' id='word_1_167' title='bbox 731 1914 873 1954; x_wconf 90' lang='lat' dir='ltr'>Minor</span> <span class='ocrx_word' id='word_1_168' title='bbox 913 1915 1115 1967; x_wconf 83' lang='lat' dir='ltr'>probatur</span> <span class='ocrx_word' id='word_1_169' title='bbox 1147 1927 1195 1953; x_wconf 76' lang='lat' dir='ltr'>ex</span> <span class='ocrx_word' id='word_1_170' title='bbox 1226 1913 1306 1952; x_wconf 93' lang='lat' dir='ltr'>hoc</span> <span class='ocrx_word' id='word_1_171' title='bbox 1339 1913 1455 1966; x_wconf 83' lang='lat' dir='ltr'>quod</span> <span class='ocrx_word' id='word_1_172' title='bbox 1490 1913 1619 1952; x_wconf 88' lang='lat' dir='ltr'>solius</span> 
     </span>
     <span class='ocr_line' id='line_1_25' title="bbox 298 1984 1618 2038; baseline -0.002 -13"><span class='ocrx_word' id='word_1_173' title='bbox 298 1986 459 2026; x_wconf 88' lang='lat' dir='ltr'>domini</span> <span class='ocrx_word' id='word_1_174' title='bbox 497 1985 700 2038; x_wconf 90' lang='lat' dir='ltr'>temporis</span> <span class='ocrx_word' id='word_1_175' title='bbox 744 1985 816 2038; x_wconf 81' lang='lat' dir='ltr'>qui</span> <span class='ocrx_word' id='word_1_176' title='bbox 858 1994 918 2024; x_wconf 88' lang='lat' dir='ltr'>est</span> <span class='ocrx_word' id='word_1_177' title='bbox 958 1986 1070 2024; x_wconf 93' lang='lat' dir='ltr'>Deus</span> <span class='ocrx_word' id='word_1_178' title='bbox 1116 1993 1177 2023; x_wconf 88' lang='lat' dir='ltr'>est</span> <span class='ocrx_word' id='word_1_179' title='bbox 1210 1997 1281 2037; x_wconf 89' lang='lat' dir='ltr'>per</span> <span class='ocrx_word' id='word_1_180' title='bbox 1315 1997 1356 2023; x_wconf 93' lang='lat' dir='ltr'>se</span> <span class='ocrx_word' id='word_1_181' title='bbox 1390 1984 1618 2023; x_wconf 87' lang='lat' dir='ltr'>concedere</span> 
     </span>
    </p>

    <p class='ocr_par' dir='ltr' id='par_1_8' title="bbox 243 2052 1616 2109">
     <span class='ocr_line' id='line_1_26' title="bbox 243 2052 1616 2109; baseline -0.004 -12"><span class='ocrx_word' id='word_1_182' title='bbox 243 2067 282 2099; x_wconf 75' lang='lat'>25</span> <span class='ocrx_word' id='word_1_183' title='bbox 299 2057 463 2096; x_wconf 86' lang='lat' dir='ltr'>donum</span> <span class='ocrx_word' id='word_1_184' title='bbox 506 2065 774 2109; x_wconf 88' lang='lat' dir='ltr'>perpetuum,</span> <span class='ocrx_word' id='word_1_185' title='bbox 828 2055 940 2095; x_wconf 82' lang='lat' dir='ltr'>unde</span> <span class='ocrx_word' id='word_1_186' title='bbox 992 2064 1056 2109; x_wconf 49' lang='lat' dir='ltr'>tut</span> <span class='ocrx_word' id='word_1_187' title='bbox 1113 2054 1211 2093; x_wconf 88' lang='lat' dir='ltr'>alias</span> <span class='ocrx_word' id='word_1_188' title='bbox 1256 2052 1477 2107; x_wconf 71' lang='lat' dir='ltr'>declaravi)</span> <span class='ocrx_word' id='word_1_189' title='bbox 1532 2067 1616 2093; x_wconf 91' lang='lat' dir='ltr'>non</span> 
     </span>
    </p>

    <p class='ocr_par' dir='ltr' id='par_1_9' title="bbox 206 2124 1618 2388">
     <span class='ocr_line' id='line_1_27' title="bbox 206 2124 1616 2179; baseline -0.003 -13"><span class='ocrx_word' id='word_1_190' title='bbox 206 2127 483 2167; x_wconf 55' lang='lat' dir='ltr'>mssssubiacet</span> <span class='ocrx_word' id='word_1_191' title='bbox 527 2126 722 2179; x_wconf 86' lang='lat' dir='ltr'>potestati</span> <span class='ocrx_word' id='word_1_192' title='bbox 775 2125 962 2165; x_wconf 86' lang='lat' dir='ltr'>hominis</span> <span class='ocrx_word' id='word_1_193' title='bbox 990 2124 1015 2152; x_wconf 58' lang='lat'>²4²</span> <span class='ocrx_word' id='word_1_194' title='bbox 1044 2124 1272 2165; x_wconf 86' lang='lat' dir='ltr'>concedere</span> <span class='ocrx_word' id='word_1_195' title='bbox 1325 2125 1487 2163; x_wconf 90' lang='lat' dir='ltr'>donum</span> <span class='ocrx_word' id='word_1_196' title='bbox 1541 2137 1616 2176; x_wconf 88' lang='lat' dir='ltr'>pro</span> 
     </span>
     <span class='ocr_line' id='line_1_28' title="bbox 297 2193 1618 2250; baseline -0.002 -14"><span class='ocrx_word' id='word_1_197' title='bbox 297 2196 438 2250; x_wconf 81' lang='lat' dir='ltr'>aliquo</span> <span class='ocrx_word' id='word_1_198' title='bbox 483 2205 688 2249; x_wconf 88' lang='lat' dir='ltr'>tempore,</span> <span class='ocrx_word' id='word_1_199' title='bbox 733 2195 811 2235; x_wconf 90' lang='lat' dir='ltr'>nisi</span> <span class='ocrx_word' id='word_1_200' title='bbox 860 2209 937 2248; x_wconf 91' lang='lat' dir='ltr'>pro</span> <span class='ocrx_word' id='word_1_201' title='bbox 977 2204 1168 2248; x_wconf 87' lang='lat' dir='ltr'>tempore</span> <span class='ocrx_word' id='word_1_202' title='bbox 1213 2208 1299 2248; x_wconf 84' lang='lat' dir='ltr'>quo</span> <span class='ocrx_word' id='word_1_203' title='bbox 1344 2193 1432 2247; x_wconf 87' lang='lat' dir='ltr'>ipse</span> <span class='ocrx_word' id='word_1_204' title='bbox 1477 2202 1618 2247; x_wconf 88' lang='lat' dir='ltr'>potest</span> 
     </span>
     <span class='ocr_line' id='line_1_29' title="bbox 296 2265 1615 2318; baseline -0.003 -11"><span class='ocrx_word' id='word_1_205' title='bbox 296 2268 448 2307; x_wconf 86' lang='lat' dir='ltr'>habere</span> <span class='ocrx_word' id='word_1_206' title='bbox 478 2268 543 2307; x_wconf 82' lang='lat' dir='ltr'>vel</span> <span class='ocrx_word' id='word_1_207' title='bbox 567 2266 773 2306; x_wconf 88' lang='lat' dir='ltr'>dominari</span> <span class='ocrx_word' id='word_1_208' title='bbox 798 2267 949 2318; x_wconf 90' lang='lat' dir='ltr'>eidem,</span> <span class='ocrx_word' id='word_1_209' title='bbox 985 2279 1083 2305; x_wconf 91' lang='lat' dir='ltr'>cum</span> <span class='ocrx_word' id='word_1_210' title='bbox 1105 2265 1218 2304; x_wconf 83' lang='lat' dir='ltr'>Deus</span> <span class='ocrx_word' id='word_1_211' title='bbox 1242 2278 1329 2304; x_wconf 91' lang='lat' dir='ltr'>non</span> <span class='ocrx_word' id='word_1_212' title='bbox 1353 2273 1492 2318; x_wconf 87' lang='lat' dir='ltr'>potest</span> <span class='ocrx_word' id='word_1_213' title='bbox 1515 2278 1615 2304; x_wconf 88' lang='lat' dir='ltr'>con-</span> 
     </span>
     <span class='ocr_line' id='line_1_30' title="bbox 298 2334 1618 2388; baseline -0.004 -10"><span class='ocrx_word' id='word_1_214' title='bbox 298 2339 442 2379; x_wconf 87' lang='lat' dir='ltr'>cedere</span> <span class='ocrx_word' id='word_1_215' title='bbox 474 2338 540 2377; x_wconf 89' lang='lat' dir='ltr'>ius</span> <span class='ocrx_word' id='word_1_216' title='bbox 573 2336 782 2377; x_wconf 85' lang='lat' dir='ltr'>extensius</span> <span class='ocrx_word' id='word_1_217' title='bbox 816 2337 901 2376; x_wconf 87' lang='lat' dir='ltr'>sive</span> <span class='ocrx_word' id='word_1_218' title='bbox 935 2336 1103 2376; x_wconf 86' lang='lat' dir='ltr'>uberius</span> <span class='ocrx_word' id='word_1_219' title='bbox 1126 2348 1256 2388; x_wconf 87' lang='lat' dir='ltr'>quam</span> <span class='ocrx_word' id='word_1_220' title='bbox 1278 2334 1457 2387; x_wconf 88' lang='lat' dir='ltr'>ipsemet</span> <span class='ocrx_word' id='word_1_221' title='bbox 1479 2343 1618 2387; x_wconf 90' lang='lat' dir='ltr'>potest</span> 
     </span>
    </p>

    <p class='ocr_par' dir='ltr' id='par_1_10' title="bbox 241 2403 1617 2740">
     <span class='ocr_line' id='line_1_31' title="bbox 241 2403 1617 2460; baseline -0.004 -12"><span class='ocrx_word' id='word_1_222' title='bbox 241 2416 282 2447; x_wconf 71' lang='lat'>&#39;50</span> <span class='ocrx_word' id='word_1_223' title='bbox 297 2409 461 2448; x_wconf 82' lang='lat' dir='ltr'>habere.</span> <span class='ocrx_word' id='word_1_224' title='bbox 496 2407 608 2447; x_wconf 93' lang='lat' dir='ltr'>Cum</span> <span class='ocrx_word' id='word_1_225' title='bbox 632 2420 731 2460; x_wconf 83' lang='lat' dir='ltr'>ergo</span> <span class='ocrx_word' id='word_1_226' title='bbox 760 2419 845 2445; x_wconf 93' lang='lat' dir='ltr'>non</span> <span class='ocrx_word' id='word_1_227' title='bbox 869 2405 920 2445; x_wconf 90' lang='lat' dir='ltr'>sit</span> <span class='ocrx_word' id='word_1_228' title='bbox 942 2405 982 2444; x_wconf 90' lang='lat' dir='ltr'>in</span> <span class='ocrx_word' id='word_1_229' title='bbox 1005 2413 1212 2458; x_wconf 87' lang='lat' dir='ltr'>potestate</span> <span class='ocrx_word' id='word_1_230' title='bbox 1235 2403 1430 2444; x_wconf 88' lang='lat' dir='ltr'>secularis</span> <span class='ocrx_word' id='word_1_231' title='bbox 1454 2404 1617 2443; x_wconf 91' lang='lat' dir='ltr'>domini</span> 
     </span>
     <span class='ocr_line' id='line_1_32' title="bbox 297 2473 1615 2531; baseline -0.004 -13"><span class='ocrx_word' id='word_1_232' title='bbox 297 2479 448 2518; x_wconf 86' lang='lat' dir='ltr'>habere</span> <span class='ocrx_word' id='word_1_233' title='bbox 481 2486 685 2531; x_wconf 89' lang='lat' dir='ltr'>perpetuo</span> <span class='ocrx_word' id='word_1_234' title='bbox 718 2477 801 2516; x_wconf 89' lang='lat' dir='ltr'>tale</span> <span class='ocrx_word' id='word_1_235' title='bbox 834 2476 1012 2527; x_wconf 90' lang='lat' dir='ltr'>donum,</span> <span class='ocrx_word' id='word_1_236' title='bbox 1055 2474 1220 2514; x_wconf 87' lang='lat' dir='ltr'>videtur</span> <span class='ocrx_word' id='word_1_237' title='bbox 1258 2474 1376 2527; x_wconf 89' lang='lat' dir='ltr'>quod</span> <span class='ocrx_word' id='word_1_238' title='bbox 1410 2488 1497 2513; x_wconf 88' lang='lat' dir='ltr'>non</span> <span class='ocrx_word' id='word_1_239' title='bbox 1531 2473 1615 2514; x_wconf 89' lang='lat' dir='ltr'>suf-</span> 
     </span>
     <span class='ocr_line' id='line_1_33' title="bbox 296 2545 1617 2601; baseline -0.003 -14"><span class='ocrx_word' id='word_1_240' title='bbox 296 2548 382 2588; x_wconf 84' lang='lat' dir='ltr'>ficit</span> <span class='ocrx_word' id='word_1_241' title='bbox 428 2561 501 2601; x_wconf 89' lang='lat' dir='ltr'>per</span> <span class='ocrx_word' id='word_1_242' title='bbox 550 2561 592 2587; x_wconf 92' lang='lat' dir='ltr'>se</span> <span class='ocrx_word' id='word_1_243' title='bbox 646 2556 733 2586; x_wconf 88' lang='lat' dir='ltr'>tam</span> <span class='ocrx_word' id='word_1_244' title='bbox 776 2555 942 2586; x_wconf 86' lang='lat' dir='ltr'>extense</span> <span class='ocrx_word' id='word_1_245' title='bbox 987 2545 1217 2599; x_wconf 82' lang='lat' dir='ltr'>quicquam</span> <span class='ocrx_word' id='word_1_246' title='bbox 1263 2545 1503 2584; x_wconf 91' lang='lat' dir='ltr'>concedere.</span> <span class='ocrx_word' id='word_1_247' title='bbox 1565 2545 1617 2583; x_wconf 89' lang='lat' dir='ltr'>Et</span> 
     </span>
     <span class='ocr_line' id='line_1_34' title="bbox 297 2613 1616 2669; baseline -0.003 -12"><span class='ocrx_word' id='word_1_248' title='bbox 297 2617 568 2658; x_wconf 88' lang='lat' dir='ltr'>confirmacio</span> <span class='ocrx_word' id='word_1_249' title='bbox 590 2616 717 2657; x_wconf 90' lang='lat' dir='ltr'>huius</span> <span class='ocrx_word' id='word_1_250' title='bbox 748 2626 808 2656; x_wconf 91' lang='lat' dir='ltr'>est</span> <span class='ocrx_word' id='word_1_251' title='bbox 840 2616 957 2669; x_wconf 80' lang='lat' dir='ltr'>quod</span> <span class='ocrx_word' id='word_1_252' title='bbox 979 2615 1112 2654; x_wconf 90' lang='lat' dir='ltr'>homo</span> <span class='ocrx_word' id='word_1_253' title='bbox 1142 2628 1229 2654; x_wconf 90' lang='lat' dir='ltr'>non</span> <span class='ocrx_word' id='word_1_254' title='bbox 1252 2624 1393 2668; x_wconf 89' lang='lat' dir='ltr'>potest</span> <span class='ocrx_word' id='word_1_255' title='bbox 1416 2613 1616 2654; x_wconf 80' lang='lat' dir='ltr'>ratificare</span> 
     </span>
     <span class='ocr_line' id='line_1_35' title="bbox 297 2683 1616 2740; baseline -0.004 -13"><span class='ocrx_word' id='word_1_256' title='bbox 297 2687 621 2740; x_wconf 86' lang='lat' dir='ltr'>perpetuitatem</span> <span class='ocrx_word' id='word_1_257' title='bbox 653 2686 830 2726; x_wconf 89' lang='lat' dir='ltr'>dominii</span> <span class='ocrx_word' id='word_1_258' title='bbox 872 2699 949 2725; x_wconf 89' lang='lat' dir='ltr'>suo</span> <span class='ocrx_word' id='word_1_259' title='bbox 987 2684 1129 2724; x_wconf 91' lang='lat' dir='ltr'>heredi</span> <span class='ocrx_word' id='word_1_260' title='bbox 1167 2685 1345 2724; x_wconf 87' lang='lat' dir='ltr'>naturali</span> <span class='ocrx_word' id='word_1_261' title='bbox 1385 2684 1449 2724; x_wconf 91' lang='lat' dir='ltr'>cui</span> <span class='ocrx_word' id='word_1_262' title='bbox 1482 2683 1616 2736; x_wconf 83' lang='lat' dir='ltr'>magis</span> 
     </span>
    </p>

    <p class='ocr_par' dir='ltr' id='par_1_11' title="bbox 241 2752 1615 2948">
     <span class='ocr_line' id='line_1_36' title="bbox 241 2752 1614 2810; baseline -0.004 -14"><span class='ocrx_word' id='word_1_263' title='bbox 241 2764 281 2797; x_wconf 75' lang='lat'>35</span> <span class='ocrx_word' id='word_1_264' title='bbox 297 2756 476 2796; x_wconf 83' lang='lat' dir='ltr'>afficitur</span> <span class='ocrx_word' id='word_1_265' title='bbox 506 2766 726 2810; x_wconf 81' lang='lat' dir='ltr'>tamquam</span> <span class='ocrx_word' id='word_1_266' title='bbox 748 2755 881 2808; x_wconf 80' lang='lat' dir='ltr'>magis</span> <span class='ocrx_word' id='word_1_267' title='bbox 914 2754 1069 2807; x_wconf 87' lang='lat' dir='ltr'>capaci.</span> <span class='ocrx_word' id='word_1_268' title='bbox 1106 2755 1340 2803; x_wconf 86' lang='lat' dir='ltr'>Quomodo</span> <span class='ocrx_word' id='word_1_269' title='bbox 1365 2767 1462 2806; x_wconf 80' lang='lat' dir='ltr'>ergo</span> <span class='ocrx_word' id='word_1_270' title='bbox 1495 2752 1614 2792; x_wconf 90' lang='lat' dir='ltr'>recti-</span> 
     </span>
     <span class='ocr_line' id='line_1_37' title="bbox 298 2821 1614 2877; baseline -0.005 -11"><span class='ocrx_word' id='word_1_271' title='bbox 298 2825 437 2866; x_wconf 89' lang='lat' dir='ltr'>ficabit</span> <span class='ocrx_word' id='word_1_272' title='bbox 487 2826 762 2866; x_wconf 88' lang='lat' dir='ltr'>elemosinam</span> <span class='ocrx_word' id='word_1_273' title='bbox 812 2825 863 2865; x_wconf 86' lang='lat' dir='ltr'>ab</span> <span class='ocrx_word' id='word_1_274' title='bbox 916 2824 1228 2877; x_wconf 87' lang='lat' dir='ltr'>approbacione</span> <span class='ocrx_word' id='word_1_275' title='bbox 1274 2823 1430 2863; x_wconf 88' lang='lat' dir='ltr'>Christi</span> <span class='ocrx_word' id='word_1_276' title='bbox 1481 2821 1614 2874; x_wconf 81' lang='lat' dir='ltr'>magis</span> 
     </span>
     <span class='ocr_line' id='line_1_38' title="bbox 298 2892 1615 2948; baseline -0.004 -13"><span class='ocrx_word' id='word_1_277' title='bbox 298 2893 558 2935; x_wconf 78' lang='lat' dir='ltr'>extraneam?</span> <span class='ocrx_word' id='word_1_278' title='bbox 611 2895 726 2935; x_wconf 86' lang='lat' dir='ltr'>Sicut</span> <span class='ocrx_word' id='word_1_279' title='bbox 758 2908 856 2948; x_wconf 82' lang='lat' dir='ltr'>ergo</span> <span class='ocrx_word' id='word_1_280' title='bbox 890 2894 1080 2946; x_wconf 81' lang='lat' dir='ltr'>Edgarus</span> <span class='ocrx_word' id='word_1_281' title='bbox 1113 2903 1152 2934; x_wconf 89' lang='lat' dir='ltr'>et</span> <span class='ocrx_word' id='word_1_282' title='bbox 1183 2902 1350 2933; x_wconf 88' lang='lat' dir='ltr'>sanctus</span> <span class='ocrx_word' id='word_1_283' title='bbox 1383 2892 1615 2932; x_wconf 86' lang='lat' dir='ltr'>Edwardus</span> 
     </span>
    </p>
   </div>
   <div class='ocr_carea' id='block_1_3' title="bbox 1644 1575 1907 1683">
    <p class='ocr_par' dir='ltr' id='par_1_12' title="bbox 1644 1575 1907 1683">
     <span class='ocr_line' id='line_1_39' title="bbox 1651 1575 1894 1613; baseline 0 -10"><span class='ocrx_word' id='word_1_284' title='bbox 1651 1583 1678 1603; x_wconf 82' lang='lat'>2.</span> <span class='ocrx_word' id='word_1_285' title='bbox 1694 1575 1894 1613; x_wconf 72' lang='lat' dir='ltr'>Temporury</span> 
     </span>
     <span class='ocr_line' id='line_1_40' title="bbox 1676 1611 1871 1647; baseline 0.005 -9"><span class='ocrx_word' id='word_1_286' title='bbox 1676 1611 1753 1638; x_wconf 80' lang='lat' dir='ltr'>alms</span> <span class='ocrx_word' id='word_1_287' title='bbox 1774 1612 1871 1647; x_wconf 72' lang='lat' dir='ltr'>imply</span> 
     </span>
     <span class='ocr_line' id='line_1_41' title="bbox 1644 1647 1907 1683; baseline -0.004 -9"><span class='ocrx_word' id='word_1_288' title='bbox 1644 1655 1733 1674; x_wconf 83' lang='lat' dir='ltr'>more</span> <span class='ocrx_word' id='word_1_289' title='bbox 1753 1647 1907 1683; x_wconf 75' lang='lat' dir='ltr'>humility.</span> 
     </span>
    </p>
   </div>
   <div class='ocr_carea' id='block_1_4' title="bbox 1639 1996 1900 2241">
    <p class='ocr_par' dir='ltr' id='par_1_13' title="bbox 1639 1996 1900 2241">
     <span class='ocr_line' id='line_1_42' title="bbox 1656 1996 1884 2031; baseline 0.004 -8"><span class='ocrx_word' id='word_1_290' title='bbox 1656 1996 1756 2024; x_wconf 74' lang='lat' dir='ltr'>Man‘s</span> <span class='ocrx_word' id='word_1_291' title='bbox 1779 2005 1884 2031; x_wconf 74' lang='lat' dir='ltr'>power</span> 
     </span>
     <span class='ocr_line' id='line_1_43' title="bbox 1645 2032 1891 2066; baseline 0.004 -8"><span class='ocrx_word' id='word_1_292' title='bbox 1645 2040 1720 2059; x_wconf 82' lang='lat' dir='ltr'>over</span> <span class='ocrx_word' id='word_1_293' title='bbox 1743 2032 1845 2066; x_wconf 65' lang='lat' dir='ltr'>things</span> <span class='ocrx_word' id='word_1_294' title='bbox 1867 2032 1891 2059; x_wconf 86' lang='lat' dir='ltr'>is</span> 
     </span>
     <span class='ocr_line' id='line_1_44' title="bbox 1641 2068 1900 2102; baseline 0.004 -9"><span class='ocrx_word' id='word_1_295' title='bbox 1641 2072 1820 2102; x_wconf 70' lang='lat' dir='ltr'>teinporiiry</span> <span class='ocrx_word' id='word_1_296' title='bbox 1841 2068 1900 2094; x_wconf 73' lang='lat' dir='ltr'>and</span> 
     </span>
     <span class='ocr_line' id='line_1_45' title="bbox 1639 2102 1899 2136; baseline 0 -8"><span class='ocrx_word' id='word_1_297' title='bbox 1639 2102 1675 2128; x_wconf 81' lang='lat' dir='ltr'>lle</span> <span class='ocrx_word' id='word_1_298' title='bbox 1696 2107 1810 2129; x_wconf 76' lang='lat' dir='ltr'>cannot</span> <span class='ocrx_word' id='word_1_299' title='bbox 1831 2102 1899 2136; x_wconf 67' lang='lat' dir='ltr'>give</span> 
     </span>
     <span class='ocr_line' id='line_1_46' title="bbox 1650 2137 1890 2171; baseline 0.004 -8"><span class='ocrx_word' id='word_1_300' title='bbox 1650 2137 1745 2171; x_wconf 69' lang='lat' dir='ltr'>rights</span> <span class='ocrx_word' id='word_1_301' title='bbox 1768 2137 1832 2164; x_wconf 77' lang='lat' dir='ltr'>that</span> <span class='ocrx_word' id='word_1_302' title='bbox 1854 2137 1890 2164; x_wconf 78' lang='lat' dir='ltr'>hc</span> 
     </span>
     <span class='ocr_line' id='line_1_47' title="bbox 1695 2172 1847 2199; baseline -0.007 0"><span class='ocrx_word' id='word_1_303' title='bbox 1695 2172 1770 2199; x_wconf 79' lang='lat' dir='ltr'>cloes</span> <span class='ocrx_word' id='word_1_304' title='bbox 1792 2177 1847 2198; x_wconf 90' lang='lat' dir='ltr'>not</span> 
     </span>
     <span class='ocr_line' id='line_1_48' title="bbox 1703 2215 1841 2241; baseline 0 -8"><span class='ocrx_word' id='word_1_305' title='bbox 1703 2215 1841 2241; x_wconf 81' lang='lat' dir='ltr'>possess.</span> 
     </span>
    </p>
   </div>
  </div>
 </body>
</html>
