2045 3312
308 262 397 291 CAP.
419 249 532 309 xvir]
809 264 868 296 DE
896 262 1131 295 ECCLESIA.
1842 251 1919 303 395

155 383 188 416 Ε
217 372 442 423 183df0rtis,
490 371 539 410 de
584 384 666 424 qua
699 371 819 409 prov,
863 367 1038 408 XXX10:
1084 367 1167 406 Per
1209 373 1368 420 septem
1410 367 1632 417 mulieres,

309 442 459 496 inquit,
498 447 655 494 septem
703 438 905 479 ecclesias
944 437 1040 478 dico
1080 449 1172 477 esse
1222 437 1492 491 significatas
1553 451 1635 490 que

308 513 503 567 quamvis
538 525 623 550 una
657 511 718 550 sit
749 517 890 550 tamen
925 507 1190 562 septiformis
1212 506 1389 555 dicitur,
1421 514 1466 547 ut
1499 521 1631 547 unum

309 596 466 637 corpus
527 580 790 635 septemplici
852 591 1033 619 numero
1094 584 1262 618 constat
1311 577 1634 618 membrorum:

275 654 405 697 5Non
452 653 608 701 solum,
662 650 811 705 inquit,
866 662 942 689 nos
995 648 1069 688 sed
1114 648 1248 688 eciam
1301 648 1479 701 superni
1525 648 1634 688 cives

309 724 483 764 ecclesie
522 722 713 762 membra
745 727 846 760 sunt
877 720 999 759 cuius
1033 725 1162 771 caput
1194 725 1256 758 est
1292 718 1500 758 Christus.
1537 718 1635 758 Sive

308 807 415 848 ergo
447 806 533 833 una
562 793 649 832 sive
671 797 830 844 septem
855 790 1060 830 dicantur
1081 789 1272 838 ecclesie,
1298 801 1380 828 non
1405 787 1633 841 discrepat,

309 863 407 918 quia
458 872 548 903 tota
601 860 848 901 universitas
902 859 1173 900 ecclesiarum
1227 872 1308 912 que
1361 867 1421 898 est
1473 867 1635 911 septem

310 933 479 974 ecclesie
512 941 685 986 propter
719 939 883 984 septem
916 931 1027 969 dona
1062 929 1232 982 spiritus
1263 928 1395 968 sancti
1429 935 1467 968 et
1504 928 1636 968 simul

255 1025 293 1047 10
309 1017 453 1045 omnes
504 1017 634 1044 unum
682 1015 841 1055 corpus
872 1006 974 1041 sunt
1010 999 1167 1039 Christi
1211 1013 1265 1039 ex
1296 1013 1378 1053 quo
1412 999 1557 1039 omnia
1593 999 1632 1038 in

309 1075 409 1115 celis
461 1081 498 1114 et
549 1074 590 1114 in
645 1079 764 1113 terra
816 1072 971 1112 habent
1021 1071 1250 1125 originem.
1304 1069 1424 1109 Unde
1468 1070 1509 1108 in
1555 1070 1635 1109 hac

309 1145 516 1185 militante
572 1143 748 1184 ecclesia
806 1142 997 1181 omnium
1057 1141 1335 1180 ecclesiarum
1385 1139 1516 1193 facta
1576 1147 1636 1179 est

309 1216 484 1267 menci0‚
517 1215 616 1269 quia
650 1228 746 1254 cum
781 1214 881 1253 huic
912 1219 1234 1253 sacramentum
1259 1211 1469 1251 creatoris
1486 1210 1634 1264 predi-

309 1293 449 1337 catur,
489 1286 622 1325 eciam
663 1284 882 1324 celestibus
915 1284 1167 1323 insinuatur
1200 1281 1409 1321 doctrina.
1472 1280 1635 1335 Inferi-

258 1367 293 1400 15
309 1356 454 1396 oribus
498 1356 607 1396 enim
656 1368 751 1394 cum
799 1355 1048 1395 insinuatur
1082 1366 1249 1393 necesse
1280 1359 1342 1392 est
1375 1359 1420 1392 ut
1456 1351 1636 1391 audiant

310 1434 349 1467 et
379 1427 570 1480 superni.
612 1425 731 1465 Unde
763 1423 996 1478 Apostolus
1027 1423 1313 1477 Ephesiorum
1348 1422 1467 1462 III0:
1504 1421 1637 1461 Michi

309 1504 449 1537 autem
483 1497 673 1536 omnium
706 1501 956 1536 sanctorum
990 1494 1166 1534 minimo
1200 1493 1302 1533 data
1326 1499 1388 1533 est
1407 1493 1561 1546 gracia
1592 1492 1634 1531 in

308 1568 507 1623 gentibus
556 1567 857 1621 evangelizare
901 1565 1220 1619 investigabiles
1259 1564 1436 1604 divicias
1486 1562 1636 1616 gracie

315 1639 474 1679 Christi
525 1645 564 1678 et
615 1637 866 1677 illuminare
918 1649 1081 1684 omnes,
1134 1648 1215 1689 que
1266 1635 1316 1674 sit
1370 1633 1635 1687 dispensacio

255 1709 574 1751 20sacramenti
616 1706 852 1747 absconditi
894 1720 919 1746 a
964 1706 1121 1745 seculis
1166 1706 1208 1745 in
1243 1705 1335 1744 Deo
1376 1705 1447 1757 qui
1491 1704 1635 1743 omnia

311 1780 484 1830 creavit,
531 1786 575 1818 ut
618 1779 856 1817 innotescat
891 1776 1165 1829 principibus
1204 1782 1240 1815 et
1265 1775 1548 1828 potestatibus
1593 1774 1634 1813 in

312 1850 533 1890 celestibus
558 1862 641 1902 per
686 1848 907 1888 ecclesiam
953 1845 1233 1899 multiformis
1277 1845 1494 1898 sapiencia
1540 1844 1634 1883 Dei.

311 1921 419 1960 Ecce
453 1919 570 1973 quod
601 1918 677 1958 iste
707 1926 873 1957 sanctus
896 1917 1115 1970 apostolus
1149 1917 1190 1955 in
1224 1914 1522 1955 thabernaculo
1555 1913 1635 1954 hoc
1703 1934 1871 1962 St.Pau1‘s

1714 1969 1855 2004 example

311 1989 478 2030 mortali
521 1988 682 2042 positus
730 1987 982 2027 illuminavit
1026 1986 1134 2027 cives
1168 1985 1366 2026 ierarchie
1399 1984 1561 2024 celestis
1594 1993 1634 2024 et
1648 2004 1771 2032 teaches
1798 2013 1834 2032 us
1863 2004 1928 2033 that

256 2070 294 2103 25
311 2059 481 2099 indubie
515 2058 758 2112 expurgavit
779 2058 951 2097 Petrum
974 2071 1019 2097 ac
1043 2056 1215 2110 perfecit
1238 2064 1426 2095 sanctam
1456 2063 1633 2094 matrem
1674 2045 1907 2110 enffghfflffsgm

1714 2111 1866 2138 brethren.

312 2130 542 2181 ecclesiam,
588 2129 695 2169 sicut
739 2128 913 2183 quilibet
958 2127 1207 2167 christianus
1254 2126 1375 2166 debet
1420 2126 1551 2165 facere
1597 2135 1636 2166 et

311 2200 543 2254 specialiter
580 2199 777 2239 ierarchia
816 2198 985 2239 ecclesie
1024 2197 1255 2238 militantis.
1289 2198 1387 2237 Non
1421 2196 1535 2237 enim
1574 2205 1636 2236 est

311 2270 527 2311 distinccio
575 2270 834 2323 primatuum
881 2269 1021 2323 quoad
1065 2268 1182 2319 illud,
1229 2268 1302 2307 sed
1346 2268 1633 2321 quodcunque

313 2341 556 2381 membrum
617 2339 786 2380 ecclesie
848 2339 1086 2380 secundum
1147 2339 1295 2378 datum
1350 2337 1426 2377 sibi
1488 2338 1632 2378 lumen

256 2424 298 2456 30
313 2411 589 2465 intelligencie
608 2420 774 2451 tenetur
790 2409 1103 2450 communicare
1130 2418 1212 2448 tres
1234 2418 1351 2449 actus
1383 2407 1632 2448 ierarchicos

312 2481 512 2522 membris
545 2481 719 2534 singulis
742 2480 886 2520 matris
910 2490 1008 2532 sue3
1038 2474 1281 2519 sicutenim
1303 2479 1374 2519 lux
1405 2478 1632 2532 corporalis

311 2551 522 2592 illuminat
573 2551 848 2603 intellectum,
904 2550 960 2590 sic
1019 2550 1210 2589 membra
1262 2548 1415 2590 Christi
1473 2548 1634 2589 viancia

363 2733 388 2752 2.
408 2724 442 2752 In
463 2723 572 2752 codd.:
595 2724 750 2758 signatas;
771 2722 890 2750 correxi
911 2730 927 2750 e
946 2726 1030 2750 textu
1045 2723 1128 2758 Aug.
1273 2726 1301 2751 ὁ.
1324 2724 1351 2750 Α
1372 2723 1402 2749 in
1425 2730 1541 2757 marg:
1563 2721 1633 2757 Que

313 2776 384 2798 sunt
404 2775 521 2806 septem
550 2771 678 2798 ecclesie
705 2770 864 2804 designate
892 2777 945 2804 per
973 2774 1090 2804 septem
1119 2770 1266 2798 mulieres
1293 2773 1322 2797 et
1343 2777 1401 2805 que
1423 2774 1494 2797 sunt
1513 2773 1632 2805 septem

314 2817 454 2845 membra
483 2817 596 2853 quibus
624 2825 737 2852 corpus
764 2816 974 2844 constituitur.
1117 2815 1156 2844 31.
1186 2817 1214 2844 A
1236 2817 1266 2843 in
1297 2824 1412 2851 marg.:
1439 2814 1630 2843 sicutenim

314 2864 365 2891 lux
379 2863 551 2899 corporalis
567 2863 719 2890 illuminat
734 2863 936 2898 intellectum,
958 2863 1002 2891 sic
1024 2863 1163 2890 membra
1180 2862 1298 2890 Christi
1319 2863 1437 2890 viancia
1453 2862 1630 2890 illuminant

314 2911 417 2939 beatos
440 2910 469 2938 in
491 2910 598 2946 patria.
638 2910 659 2938 Β
681 2910 711 2938 in
733 2918 850 2944 marg.:
872 2910 1016 2939 Viatores
1036 2910 1213 2939 illuminant
1235 2911 1339 2939 beatos
1360 2909 1389 2937 in
1412 2914 1521 2946 patria.
