2045 3312
877 283 1100 316 JOHANNIS
1126 283 1322 316 WYCLIF.
1593 272 1700 326 [CAP.
1720 282 1757 311 X.

152 286 172 312 [Ο

182 285 202 311 Μ

211 286 233 312 10

442 389 555 428 iuxta
599 387 727 428 fidem
771 389 972 442 scripture
1006 399 1045 430 et
1077 390 1187 443 leges
1220 389 1390 429 ecclesie
1435 389 1552 442 quod
1586 403 1671 429 non
1706 399 1767 430 est
1789 403 1917 446 1590N

441 459 847 499 communicandum
893 473 991 499 cum
1024 460 1108 512 tali,
1157 459 1234 499 nisi
1268 459 1373 500 forte
1406 468 1453 499 ut
1487 469 1765 509 convertatur,

441 543 492 569 ne
524 528 681 570 inficiat
712 543 882 583 gregem
915 529 1084 570 Christi.

184 607 389 635 Atleastthe
500 600 562 640 Ex
600 600 809 654 quotlibet
853 598 1005 640 talibus
1049 600 1275 640 evidenciis
1320 600 1471 640 dicitur
1517 601 1633 654 quod
1671 601 1813 647 liceto

151 643 311 670 criminals
331 643 426 677 ought

160 679 415 740 1ii't1iiiecai{fi⁰·iiiii
439 671 566 711 talem
613 670 834 724 fugitivum
883 671 1248 710 excommunicare
1282 680 1322 711 et
1355 680 1448 723 post
1491 671 1799 724 quadraginta5

149 748 226 787 aster
251 748 328 795 '‘f-‘¹5¹³'
347 749 425 810 ³diays
441 741 526 780 dies
560 741 1019 781 excommunicacionis
1052 741 1202 781 carceri
1236 740 1488 794 mancipare.
1553 742 1633 781 Sed
1666 742 1764 781 dato

184 791 388 819 'mmmmm
440 810 519 850 isto
543 811 745 864 sequitur,
780 825 875 851 cum
899 811 994 851 licet
1017 811 1384 851 excommunicare
1408 825 1483 864 pro
1507 825 1764 865 quocunque

441 880 634 931 facinore,
681 882 797 935 quod
844 881 1045 935 fugitivus
1090 881 1182 921 talis
1222 881 1483 921 facinorosus
1528 881 1580 921 sit
1625 881 1762 922 statim

440 953 874 993 excommunicandus
891 961 929 992 et
947 961 1255 1006 consequenter
1271 961 1367 1006 post
1385 951 1663 1005 quadraginta
1677 951 1764 991 dies

439 1022 770 1075 incarcerandus,
804 1032 843 1063 et
873 1036 970 1063 cum
1003 1037 1088 1063 non
1123 1023 1291 1063 habebit
1305 1023 1438 1077 ²³²post
1470 1022 1864 1080 &communi—139¹¹

440 1092 656 1132 cacionem
702 1094 907 1133 maiorem
942 1094 1129 1134 favorem
1172 1107 1303 1147 quam
1335 1093 1525 1133 ethnicus
1560 1102 1599 1133 et
1631 1093 1763 1146 publi-

439 1177 581 1215 carum,
628 1164 792 1204 videtur
825 1166 940 1219 quod
985 1164 1038 1205 sit
1082 1165 1132 1203 de
1178 1163 1436 1204 monasterio
1482 1163 1762 1203 extrahendus

438 1242 477 1273 et
510 1234 549 1272 in
586 1248 746 1274 carcere
779 1235 950 1288 publico
991 1248 1088 1274 cum
1120 1234 1210 1274 aliis
1243 1233 1622 1274 excommunicatis
1654 1242 1762 1272 tam-

439 1319 567 1357 quam
619 1305 778 1345 alienus
829 1319 851 1345 a
905 1305 999 1344 filiis
1052 1304 1222 1345 ecclesie
1276 1304 1577 1344 detrudendus.
1641 1303 1764 1343 Unde

438 1389 535 1415 cum
581 1375 621 1414 in
668 1375 805 1415 dubiis
838 1375 903 1415 via
936 1376 1120 1416 securior
1164 1384 1225 1415 est
1267 1376 1462 1423 tenenda,
1508 1383 1547 1414 et
1592 1373 1657 1413 vel
1703 1383 1818 1419 est15

439 1446 614 1485 dubium
650 1447 713 1485 vel
746 1446 964 1499 probabile
997 1446 1114 1500 quod
1147 1445 1293 1485 fovens
1327 1445 1462 1485 taliter
1485 1444 1761 1484 criminosum

440 1516 514 1555 erit
567 1517 775 1569 particeps
828 1516 1012 1556 criminis
1065 1530 1113 1556 ex
1167 1530 1374 1556 consensu
1419 1516 1485 1555 vel
1529 1514 1762 1568 culpabilis,

441 1587 635 1638 negando
660 1586 913 1626 coreccionis
930 1586 1190 1640 suffragium,
1206 1587 1323 1639 quod
1344 1585 1450 1625 foret
1467 1599 1613 1624 verum
1638 1584 1762 1638 privi—

438 1656 611 1708 legium,
636 1656 884 1709 oppositum
909 1656 1004 1696 hinc
1029 1656 1260 1710 privilegio,
1286 1656 1461 1707 videtur,
1495 1669 1591 1695 cum
1617 1668 1761 1695 cursus

438 1727 540 1779 legis
574 1727 815 1767 communis
848 1727 899 1766 sit
942 1726 1008 1766 via
1041 1727 1237 1777 securior,
1277 1726 1394 1779 quod
1427 1726 1495 1765 illa
1529 1726 1581 1765 sit
1613 1725 1761 1778 pocius
1778 1748 1819 1769 20

437 1797 695 1839 sustinenda.
760 1799 996 1847 Quomodo
1043 1812 1150 1851 rogo
1195 1799 1382 1838 tenderet
1425 1799 1476 1837 ad
1522 1797 1759 1851 profectum

440 1882 618 1920 persone
652 1882 729 1921 pro
763 1870 977 1922 querenda
1010 1869 1267 1909 beatitudine
1301 1868 1581 1908 indifferenter
1611 1881 1760 1907 omnes

439 1937 716 1991 facinorosos,
762 1939 993 1979 diabolicos
1028 1949 1066 1979 et
1110 1939 1305 1978 inimicos
1345 1939 1515 1979 ecclesie
1547 1939 1590 1977 in
1629 1940 1760 1978 domo

439 2023 512 2049 sua
559 2019 778 2062 protegere
812 2020 851 2050 et
888 2009 1143 2050 medicinam
1177 2009 1461 2063 correpcionis
1494 2018 1533 2049 et
1566 2022 1761 2049 censuras

439 2080 608 2119 ecclesie
641 2081 794 2134 quibus
827 2090 1074 2121 sanarentur
1105 2081 1156 2120 ab
1190 2081 1246 2120 eis
1292 2076 1558 2134 precludere?
1603 2081 1816 2120 ReverazS

438 2162 513 2188 nec
559 2149 639 2188 hoc
688 2163 762 2190 nec
808 2150 1079 2204 participacio
1128 2151 1272 2204 rapine
1313 2159 1434 2190 sonat
1471 2149 1676 2204 religiosis
1708 2150 1759 2188 ad

440 2220 734 2260 commodum.
760 2222 870 2260 Nam
896 2220 1004 2274 Hely
1029 2234 1115 2259 non
1139 2230 1312 2274 propter
1336 2220 1575 2260 fomentum
1597 2219 1759 2260 malicie

436 2288 621 2329 filiorum
655 2291 725 2329 sed
758 2300 930 2344 propter
953 2290 1243 2330 remissionem
1270 2290 1550 2343 correpcionis
1574 2289 1757 2329 filiorum

438 2360 611 2412 punitus
657 2360 734 2400 fuit
779 2370 915 2400 morte
949 2370 988 2400 et
1020 2360 1207 2414 privatus
1239 2374 1410 2400 summo
1444 2360 1683 2400 sacerdocio
1717 2360 1757 2399 in

437 2443 511 2469 sua
535 2430 792 2482 posteritate,
825 2440 872 2470 ut
895 2440 1008 2483 patet
1042 2431 1078 2469 ΙΟ
1100 2432 1280 2484 Regum,
1305 2431 1359 2470 ΙΙ0
1384 2439 1423 2470 et
1446 2430 1521 2471 IV0
1551 2431 1758 2484 capitulis,
1774 2440 1817 2472 30

438 2508 476 2539 et
509 2499 583 2539 1110
621 2501 788 2553 Regum
831 2501 902 2541 110.
955 2502 1049 2541 Hoc
1084 2515 1182 2555 ergo
1216 2509 1359 2554 posset
1403 2514 1551 2540 sonare
1589 2501 1631 2540 in
1676 2500 1758 2554 pri-

436 2569 636 2622 vilegium
687 2570 780 2610 dicti
836 2571 913 2610 loci
968 2571 1083 2624 quod
1142 2571 1340 2624 fugitivos
1396 2571 1648 2624 inpotentes,
1709 2571 1759 2609 de

437 2640 590 2692 quibus
637 2639 742 2679 soret
794 2654 886 2693 spes
932 2641 1219 2680 conversionis
1264 2642 1315 2680 ad
1362 2640 1523 2694 frugem
1572 2639 1757 2679 melioris

437 2709 532 2761 vite,
578 2709 617 2748 in
663 2710 745 2749 vite
792 2711 1033 2750 necessariis
1066 2719 1105 2750 et
1144 2710 1334 2764 pecuniis
1379 2710 1528 2750 debitis
1570 2711 1620 2749 de
1653 2710 1759 2763 regis

438 2780 677 2819 elemosinis
711 2780 1031 2821 misericorditer
1054 2781 1282 2821 relevarent
1305 2789 1343 2820 et
1366 2781 1514 2833 predas
1546 2780 1756 2820 latronum
1777 2791 1816 2824 35

490 2929 530 2958 35.
553 2930 591 2957 B:
613 2931 642 2957 in
664 2932 787 2966 predas.
