2045 3312
115 257 194 297 288
846 264 1071 298 JOHANNIS
1096 265 1294 298 WYCLIF.
1520 254 1626 312 [CAP.
1642 265 1720 294 xm.

401 371 526 411 Tunc
560 370 673 410 enim
705 372 888 424 apostoli
922 370 1116 411 fecissent
1139 371 1392 411 elemosinas
1415 372 1540 411 nimis
1564 386 1721 425 parca8‚
1743 383 1821 429 169'¹
1843 386 1863 419 1

400 450 440 481 et
472 440 708 481 mundiales
754 441 1055 480 extollerentur
1087 454 1212 494 supra
1246 441 1471 495 precipuos
1504 442 1722 496 religiosos

400 511 440 550 in
472 511 639 562 merito,
663 511 916 564 dareturque
941 511 1197 550 secularibus
1221 511 1387 551 occasio
1411 513 1463 551 ad
1486 511 1722 553 inordinate

136 599 170 619 or
190 591 240 618 me
262 591 358 618 miser
399 582 665 635 querendum
698 590 737 621 et
769 582 820 620 ad
844 581 1081 621 inordinate
1103 581 1373 622 retinendum
1397 583 1508 622 bona
1539 582 1721 635 fortune,

135 626 266 694 &233ssss
289 627 332 691 ine
349 670 365 689 a
399 660 444 691 ut
468 651 508 690 in
529 650 611 691 fine
636 652 860 691 condendo
882 652 1039 704 grande
1070 660 1374 691 testamentum
1398 653 1497 692 dent
1520 654 1718 705 grandem
1739 665 1754 697 5

125 697 208 730 '³¹³0
230 698 370 731 bequw'
398 722 676 761 elemosinam
709 721 904 761 abbathie
936 721 1003 761 vel
1036 722 1160 773 clero,
1195 722 1293 775 quia
1326 731 1487 762 certum
1516 731 1576 763 est
1604 724 1719 776 quod

397 791 778 845 proporcionaliter
810 793 862 831 ad
894 793 1169 833 elemosinam
1203 794 1266 832 vel
1300 808 1408 847 opus
1438 793 1721 834 misericordie

396 862 568 902 viatoris
601 871 663 902 est
695 862 996 903 beatificandus
1029 863 1070 902 in
1104 864 1249 917 patria.

456 933 578 972 Unde
601 932 725 986 logici
749 942 1014 985 cognoscunt
1038 934 1259 987 quomodo
1283 934 1379 974 data
1403 935 1635 974 elemosina
1659 945 1719 974 est

395 1002 473 1041 alia
506 1002 660 1054 maior;
722 1016 805 1056 que
843 1002 922 1042 alia
961 1013 1022 1044 est
1060 1004 1187 1057 priori
1229 1005 1543 1058 quantumlibet
1584 1004 1778 1045 maiorm

396 1072 640 1112 elemosina.
704 1073 826 1113 Unde
869 1073 1077 1127 contingit
1121 1075 1239 1128 quod
1271 1084 1398 1127 potus
1431 1089 1539 1129 aque
1573 1074 1718 1128 frigide

396 1142 447 1181 sit
479 1143 616 1182 maior
661 1143 895 1183 elemosina
938 1144 1052 1184 danti
1098 1158 1147 1184 ex
1191 1144 1437 1198 simpliciori
1460 1146 1486 1173 Ψ
1508 1145 1634 1185 oculo
1681 1154 1814 1198 etxc‘m‘

396 1212 547 1251 maiori
583 1212 746 1252 fervore
781 1213 974 1266 caritatis,
1008 1228 1139 1268 quam
1173 1213 1250 1254 fuit
1283 1215 1451 1255 dotacio
1485 1229 1568 1269 qua
1602 1215 1718 1255 Con-

396 1282 604 1329 stantinus
652 1283 813 1323 dotavit
860 1283 1092 1331 ecclesiam,
1141 1285 1205 1324 vel
1253 1285 1485 1325 elemosina
1529 1300 1612 1339 qua
1651 1300 1719 1325 rex

396 1360 583 1392 terrenus
617 1352 808 1393 fundavit
839 1353 1165 1406 grandissimam
1197 1355 1452 1396 abbathiam.
1499 1355 1605 1395 Nam
1641 1356 1717 1395 nisi
1740 1369 1776 1400 15

395 1422 610 1476 spirituale
643 1437 752 1476 opus
787 1423 1071 1464 misericordie
1095 1425 1305 1478 prevaleat
1337 1426 1560 1479 corporali,
1585 1435 1718 1466 stante

396 1492 476 1532 isto
531 1506 651 1533 cursu
711 1493 895 1544 ecclesie,
942 1495 1106 1534 domini
1152 1496 1359 1536 seculares
1405 1495 1542 1536 forent
1591 1497 1718 1536 nimis

396 1563 560 1602 exaltati
606 1563 648 1602 in
693 1564 782 1603 celo
829 1574 868 1604 et
912 1564 987 1604 viri
1027 1566 1251 1618 apostolici
1292 1566 1417 1606 nimis
1452 1567 1720 1607 mediocriter

395 1633 603 1686 premiati.

105 1713 134 1745 b)
150 1711 216 1774 QX?
234 1712 380 1774 ?<}¹⁵{l}te¹⁰
455 1704 507 1743 Et
539 1713 655 1757 patet
685 1705 738 1744 ad
770 1705 1038 1758 questionem
1073 1720 1155 1760 qua
1188 1706 1391 1760 queritur,
1417 1707 1482 1746 cui
1512 1707 1771 1751 secularesK

148 1767 165 1782 s

104 1783 380 1844 enegglrgsylffiffitm
396 1773 542 1813 darent
575 1775 827 1815 elemosinas
861 1775 937 1814 nisi
972 1776 1102 1828 clero;
1149 1791 1247 1817 nam
1279 1777 1360 1816 illis
1394 1786 1590 1817 tenentur
1621 1779 1717 1818 dare

116 1852 257 1880 minister
277 1851 370 1902 stpiri-
394 1843 623 1896 prudenter
675 1845 725 1884 de
778 1854 938 1898 quanto
993 1846 1245 1887 sustinerent
1300 1861 1450 1887 eorum
1500 1847 1717 1901 privilegia

185 1888 295 1924 many,
396 1913 492 1952 data
525 1928 547 1953 a
580 1913 762 1966 Christo,
797 1924 837 1955 et
869 1915 1166 1956 continuarent
1199 1930 1349 1956 eorum
1387 1917 1717 1970 disposicionem

394 1984 446 2023 ad
491 1985 812 2037 rependendum
857 1986 1109 2027 elemosinas
1143 1987 1392 2040 spirituales.
1426 1988 1542 2027 Alias
1575 1997 1717 2028 autem

394 2053 648 2094 elemosinas
682 2055 829 2095 darent
863 2056 1135 2109 corporaliter
1167 2057 1301 2110 magis
1335 2057 1567 2110 egentibus.
1595 2059 1717 2099 Unde
1736 2071 1774 2103 25

393 2122 423 2161 si
459 2137 505 2162 ex
539 2137 634 2164 ceca
667 2125 821 2177 pietate
855 2135 896 2166 et
928 2126 1029 2166 falsa
1061 2127 1347 2167 misericordia
1380 2127 1505 2167 nimis
1539 2139 1716 2169 onerant

143 2214 180 2242 a„
203 2215 327 2244 bevond
394 2193 553 2233 clerum
587 2208 683 2234 cum
718 2196 986 2248 possessione
1019 2196 1142 2243 civili,
1189 2197 1395 2249 contingit
1428 2212 1499 2237 eos
1533 2213 1579 2238 ex
1618 2199 1716 2238 hinc

99 2248 573 2320 ⁸¹¹?g'25205ss3ss3ssfnincidere
619 2264 660 2303 in
706 2266 1202 2306 excommunicacionem
1247 2276 1286 2307 et
1330 2267 1509 2307 heresim
1549 2269 1716 2308 racione

392 2333 623 2373 ablacionis
666 2334 842 2388 primevi
888 2336 1090 2390 privilegii
1138 2337 1322 2376 concessi
1358 2351 1379 2376 a
1414 2337 1583 2377 Christo
1632 2339 1716 2378 suis

391 2403 621 2456 discipulis,
669 2414 715 2444 ut
753 2406 948 2446 meminit
980 2407 1131 2447 Canon
1175 2407 1308 2446 XXIIa
1342 2408 1381 2447 d.
1428 2408 1599 2448 Omnes.
1666 2410 1717 2447 Et
1734 2419 1776 2451 3'0

391 2473 446 2513 ita
490 2476 678 2515 concedo
725 2478 840 2529 quod
893 2478 1061 2517 dotacio
1115 2478 1284 2517 ecclesie
1339 2478 1415 2517 fuit
1467 2479 1715 2518 altrinsecus

391 2544 619 2596 meritoria,
652 2547 723 2585 sed
759 2546 928 2587 dotacio
953 2561 999 2587 ac
1025 2557 1157 2587 status
1182 2548 1224 2588 in
1247 2562 1333 2602 quo
1359 2548 1549 2588 Christus
1580 2549 1712 2601 ipsam

446 2699 471 2726 7.
493 2692 521 2718 Λ
549 2691 578 2718 in
607 2700 722 2726 marg:
754 2692 935 2721 Conclusio.
1079 2704 1122 2723 10.
1153 2696 1192 2723 13:
1222 2696 1329 2731 purior
1355 2696 1591 2732 quantumlibet.
1631 2697 1658 2724 Λ
1687 2697 1714 2724 in

391 2745 505 2771 marga
533 2737 624 2765 Nota.
771 2742 811 2767 16.
835 2741 872 2767 1³:
906 2742 1051 2776 prevalet.
1196 2751 1242 2770 20.
1272 2744 1297 2770 Α
1326 2743 1354 2769 in
1383 2751 1497 2777 marga
1530 2743 1713 2770 Conclusio.

390 2784 434 2810 [lo.
458 2784 478 2810 Η
501 2784 528 2811 in
552 2792 669 2819 marg:
689 2785 828 2814 Ecclesie
850 2788 975 2815 domicio
996 2789 1053 2817 suit
1073 2789 1244 2817 meritoria.

449 2892 501 2923 30.
533 2892 629 2924 llecr.
660 2893 669 2923 I
697 2903 790 2935 pars,
817 2894 849 2926 d.
877 2895 982 2933 XXII,
1009 2906 1037 2928 c.
1066 2896 1088 2927 Ι.
