2045 3312
157 310 243 361 434
875 320 1100 353 JOHANNIS
1125 320 1320 353 WYCLIF.
1529 307 1636 366 [CAR
1655 319 1765 347 xviii.

447 426 783 467 misericordiam
815 441 944 481 quam
978 427 1021 466 in
1055 436 1247 480 tempore
1281 441 1354 467 sue
1386 427 1686 479 adolescencie,
1734 436 1920 472 et1880P

449 497 506 536 sic
538 511 633 537 vere
665 506 839 538 vocatur
871 497 998 537 vidua
1043 506 1216 551 propter
1261 497 1584 551 elongacionem
1625 498 1773 551 sponsi

447 568 497 607 ab
521 581 568 608 ea
590 568 880 622 peregrinante
912 569 964 607 ad
995 568 1186 621 patriam,
1221 569 1325 607 dum
1356 568 1527 608 Psalmo
1565 568 1773 620 CXXXIO,

455 639 516 689 15,
549 638 647 678 dicit
669 648 869 692 sponsus:
901 637 1081 679 Viduam
1115 639 1204 678 eius
1237 638 1484 678 benedicens
1515 638 1772 680 benedicam.

173 714 197 742 1t
218 713 322 741 would
344 713 420 741 bea
506 709 688 749 Ulterius
722 709 828 749 foret
871 723 979 762 opus
1020 709 1186 749 doctole
1231 710 1422 761 detegere
1467 709 1569 762 quid
1607 709 1825 763 proprieQ,

156 749 253 784 fitting
273 749 361 776 work
386 748 433 776 for

181 784 413 846 ¹¹}i1e‘i30xtvoiiaio
449 787 488 818 et
523 779 624 832 quid
658 779 889 832 improprie
925 793 971 819 ac
1000 779 1218 833 figurative
1242 779 1464 819 conveniat
1487 789 1628 820 sancte
1651 780 1773 820 matri

175 855 345 917 sslffirgatffgee
359 854 420 916 ἐξω
449 849 633 901 ecclesie,
668 850 765 903 quia
798 850 924 889 nimis
957 859 1204 903 suspectum
1236 850 1411 889 verbum
1445 859 1485 890 et
1518 850 1680 890 carnale
1713 859 1774 890 est

193 910 408 958 x‘iviiatiiterau
450 919 586 959 dicere
638 921 754 973 quod
800 921 972 960 ecclesia
1016 920 1187 974 proprie
1231 920 1356 960 habet
1401 920 1690 974 possessiones
1735 930 1775 960 et

449 989 664 1043 privilegia
704 990 990 1041 Constantini,
1037 991 1108 1030 sed
1154 990 1384 1043 improprie
1436 1000 1496 1030 est
1539 1000 1673 1030 mater
1709 991 1775 1031 vel

450 1074 604 1112 sponsa
629 1060 797 1102 Christi.
822 1061 966 1100 Primo
998 1058 1210 1116 (inquam)
1248 1061 1511 1114 querendum
1534 1070 1640 1101 esset
1673 1061 1775 1115 quid
1795 1077 1833 1099 10

205 1145 229 1163 e·
251 1144 279 1171 g·
303 1139 388 1163 asto
450 1130 617 1183 proprie
651 1130 757 1170 foret
790 1131 974 1183 ecclesia,
1017 1131 1049 1170 si
1089 1130 1268 1184 aliquid,
1314 1144 1401 1170 non
1443 1140 1635 1184 superest
1672 1131 1774 1184 quid

188 1171 400 1235 gffissfirisshg
449 1199 558 1239 foret
581 1200 659 1240 nisi
694 1200 947 1253 substancia,
981 1211 1020 1241 et
1052 1201 1226 1241 ulterius
1261 1201 1555 1241 descendendo
1589 1200 1654 1256 (ut
1678 1215 1775 1254 sepe

235 1248 362 1278 person.
449 1270 585 1324 tetigi)
617 1280 830 1324 oporteret
862 1272 1091 1311 concedere
1125 1273 1241 1326 quod
1271 1271 1442 1311 ecclesia
1465 1272 1516 1312 sit
1539 1271 1776 1312 substancia

452 1354 652 1393 corporea
691 1351 731 1381 et
771 1342 827 1381 sic
866 1356 1019 1395 corpus
1070 1342 1306 1381 animatum
1343 1341 1612 1393 racionabile,
1647 1350 1687 1381 et
1718 1341 1775 1381 sic

450 1411 616 1464 proprie
656 1411 762 1451 foret
796 1412 942 1463 homo,
977 1421 1016 1452 et
1048 1426 1121 1465 per
1159 1425 1421 1465 consequens
1465 1412 1775 1465 desponsanda.
1797 1417 1832 1450 ιδ

451 1479 750 1531 Confirmatur‚
768 1482 940 1522 ecclesia
973 1491 1034 1522 est
1068 1482 1238 1535 proprie
1262 1481 1524 1536 privilegiata
1546 1491 1586 1522 et
1608 1495 1774 1535 posses—

451 1550 614 1591 sionata
647 1549 713 1607 (ut
745 1551 938 1607 dicitur),
983 1553 1098 1605 quod
1138 1566 1226 1592 non
1266 1551 1371 1592 foret
1412 1552 1489 1591 nisi
1530 1560 1677 1605 posset
1717 1551 1776 1591 uti

453 1620 678 1675 privilegiis
703 1631 743 1661 et
772 1622 881 1662 vesci
916 1622 1266 1675 possessionibus.
1289 1622 1400 1674 Ergo
1434 1621 1606 1661 ecclesia
1638 1630 1779 1675 posset

453 1693 674 1731 comedere
695 1690 718 1715 'l‘
742 1701 781 1731 et
819 1701 937 1732 actus
971 1693 1183 1732 humanos
1216 1691 1457 1732 consimiles
1498 1705 1698 1743 exercere,
1740 1697 1875 1732 et1881¹

454 1774 527 1814 per
562 1775 825 1816 consequens
859 1763 1031 1802 ecclesia
1067 1762 1172 1802 foret
1215 1762 1450 1802 substancia
1482 1761 1666 1801 animata
1697 1774 1778 1815 que
1794 1780 1835 1801 20

451 1841 667 1885 generaret
699 1845 872 1871 omnem
906 1832 1142 1884 hominem,
1182 1841 1221 1872 et
1259 1833 1316 1872 sic
1358 1846 1455 1872 cum
1489 1831 1595 1872 foret
1628 1832 1777 1871 indivi-

453 1902 588 1941 duum
623 1901 812 1942 eiusdem
835 1902 989 1955 speciei
1014 1902 1315 1955 specialissime
1339 1916 1437 1942 cum
1461 1903 1582 1942 omni
1604 1902 1779 1942 homine

455 1972 633 2012 univoce
656 1986 859 2025 generans
882 1972 1117 2024 hominem,
1141 1972 1247 2013 foret
1270 1974 1403 2013 homo
1428 1971 1493 2028 (ut
1516 1986 1612 2026 sepe
1636 1972 1781 2013 dicunt

454 2041 617 2095 sancti).
671 2043 724 2082 Et
758 2052 920 2082 certum
964 2052 1025 2082 est
1063 2044 1176 2097 quod
1217 2043 1447 2097 improprie
1488 2042 1594 2083 foret
1632 2042 1778 2095 homo,

456 2126 551 2152 cum
567 2113 737 2152 haberet
755 2114 971 2166 propriam
988 2108 1388 2164 individuacionem,
1411 2113 1628 2166 propriam
1643 2113 1778 2153 racio·
1797 2120 1837 2152 25

455 2181 713 2222 nabilitatem
747 2192 785 2222 et
817 2183 1153 2235 propriissimam
1186 2183 1495 2236 perfeccionem
1527 2182 1778 2233 humanam3

456 2266 554 2291 nam
587 2252 663 2291 nisi
699 2251 803 2292 foret
836 2253 1087 2304 substancia,
1134 2263 1283 2305 potens
1329 2266 1515 2292 exercere
1555 2263 1671 2292 actus
1717 2267 1779 2292 ra-

458 2321 654 2373 cionales,
694 2331 740 2362 ut
779 2332 894 2362 actus
928 2324 1212 2376 promerendi,
1254 2323 1570 2375 contemplandi
1607 2332 1646 2362 et
1677 2336 1779 2376 gau-

186 2399 212 2427 lf
230 2401 279 2427 1110
302 2398 424 2427 Church
459 2392 597 2443 dendi,
630 2392 747 2432 aliter
773 2393 985 2446 indignius
1010 2408 1139 2448 quam
1162 2395 1396 2434 sacerdotes
1420 2394 1518 2433 Baal
1543 2394 1782 2433 comederet

249 2436 273 2462 is
295 2435 367 2471 only

169 2471 445 2541 s·Olixilgcti{¹322}oe¹31¹is
460 2471 626 2502 tantum
659 2462 812 2503 cibum.
847 2464 887 2503 Si
922 2465 1071 2505 dicitur
1100 2466 1216 2518 quod
1247 2464 1418 2504 ecclesia
1450 2463 1618 2517 proprie
1656 2463 1783 2502 nichil
1800 2469 1841 2502 30

169 2527 176 2531 “
349 2527 356 2542 5

167 2540 521 2576 litei-2111yn0thing‚est
553 2532 623 2572 sed
648 2542 707 2572 est
730 2533 883 2587 aliqua,
920 2543 1019 2574 tunc
1050 2535 1371 2575 concedendum
1396 2533 1502 2573 foret
1535 2533 1783 2586 simpliciter

460 2603 575 2655 quod
610 2602 781 2642 ecclesia
813 2603 940 2643 nicliil
973 2613 1045 2644 est.
1080 2604 1121 2645 Si
1157 2604 1270 2644 enim
1304 2604 1374 2642 illa
1406 2602 1649 2656 simpliciter
1681 2610 1812 2642 con—1

513 2772 538 2801 3.
566 2773 605 2801 B:
636 2774 898 2810 peregrinantem.
1024 2776 1049 2804 5.
1080 2777 1135 2810 A1:
1164 2776 1336 2804 doctorem.
1447 2774 1488 2802 16.
1509 2775 1538 2802 A
1558 2776 1615 2810 Al:
1642 2779 1669 2802 et
1689 2775 1783 2802 deest.

463 2828 506 2854 ις).
523 2820 562 2847 B:
577 2820 733 2848 humanos
750 2822 922 2849 sensibiles.
997 2830 1036 2851 ει.
1052 2829 1094 2849 22.
1112 2822 1151 2849 B:
1167 2821 1246 2850 foret
1261 2821 1412 2849 iudicium
1428 2820 1579 2848 eiusdem.
1653 2820 1694 2849 25.
1712 2821 1781 2849 risi-

463 2867 611 2894 bilitatem
634 2868 663 2894 in
686 2868 778 2895 codd.
852 2867 898 2896 30.
914 2869 988 2896 Ain
1010 2877 1108 2903 marg.
1122 2878 1128 2894 ε
1144 2868 1320 2904 Responsio
1342 2870 1487 2903 quedam.
1503 2866 1585 2895 Nota
1606 2868 1630 2895 si
1652 2868 1783 2896 ecclesia

462 2918 506 2941 est
526 2915 651 2949 proprie
671 2922 787 2948 corpus
803 2919 904 2950 etque
928 2915 1086 2950 predicata
1110 2916 1168 2943 sibi
1186 2915 1311 2952 proprie
1326 2915 1522 2947 conveniant,
1537 2915 1607 2942 vide
1624 2914 1782 2942 modicum

462 2965 530 2987 ante
551 2961 676 2995 (Above
693 2960 760 2988 18811
772 2962 903 2988 without
926 2962 1012 2989 mark
1034 2962 1068 2989 of
1086 2962 1264 2996 reference).
1410 2961 1452 2989 32.
1476 2960 1514 2988 B:
1538 2961 1571 2989 Si
1592 2965 1636 2988 est
1657 2961 1718 2989 ina.
