2045 3312
243 251 334 280 CAP.
354 239 451 298 v111.]
749 254 808 286 DE
833 251 1069 285 ECCLESIA.

95 380 129 412 A
150 378 226 410 150e
241 365 451 404 honorent
473 359 732 401 meretricem
764 372 906 398 secum
940 357 1172 397 adulteram
1205 366 1424 409 tamquam
1456 356 1561 409 regi-

243 448 341 474 nam
375 442 413 473 et
444 440 623 472 matrem
654 428 843 469 fidelium
867 441 1069 481 sponsam
1093 426 1261 466 Christi.
1286 427 1408 466 Unde
1441 426 1561 466 istam

242 503 500 546 sentenciam
528 502 578 541 de
602 499 805 554 quiditate
839 507 979 539 sancte
1012 497 1157 537 matris
1191 496 1361 536 ecclesie
1395 505 1564 550 oportet

242 585 288 616 ut
320 574 646 614 fundamentum
678 582 930 623 supponere,
964 577 1011 608 ut
1042 567 1196 608 sciatur
1227 567 1300 621 qui
1339 575 1565 620 procurant

208 659 317 699 5pro
361 644 449 683 eius
491 641 597 682 veris
641 639 868 694 privilegiis
913 648 952 679 et
997 639 1068 692 qui
1102 639 1368 691 degenerant,
1403 637 1445 676 in
1479 651 1564 691 quo

148 727 227 761 150¹1
242 714 431 756 consistit
461 726 609 752 Verum
646 710 913 765 privilegium
936 709 959 730 ÷·.·
983 723 1028 749 ac
1062 707 1277 748 edificacio
1317 707 1486 748 ecclesie
1526 716 1565 746 et

241 786 282 825 in
314 798 401 838 quo
435 792 516 823 stat
548 782 635 822 eius
659 780 909 835 oppositum
933 779 1166 819 secundum
1190 777 1320 818 fidem
1349 777 1564 830 scripture,

241 865 280 895 et
312 856 363 895 de
395 852 657 906 congruitate
690 860 821 891 status
855 849 1049 890 moderni
1082 849 1124 887 in
1158 848 1479 902 comparacione
1513 849 1564 886 ad

241 926 391 965 florem
422 923 541 964 etatis
574 922 744 962 ecclesie
776 921 892 961 iuxta
913 921 1090 960 modum
1115 919 1317 973 loquendi
1348 919 1562 972 scripture.

192 1010 226 1043 Β
299 995 380 1035 Sed
411 994 454 1033 in
486 993 564 1034 ista
597 992 768 1033 materia
802 1000 900 1031 sunt
932 990 1105 1045 quidam
1140 988 1330 1030 moderni
1371 989 1565 1029 doctores

240 1065 522 1119 approbantes
572 1063 842 1103 mendacium
889 1071 927 1102 et
971 1061 1154 1101 dicentes
1206 1060 1324 1114 quod
1374 1059 1566 1099 veritates

240 1136 341 1176 tales
374 1135 577 1188 scripture
610 1147 697 1174 non
730 1141 829 1173 sunt
861 1132 1035 1172 dicende
1069 1141 1163 1172 tum
1194 1139 1367 1184 propter
1404 1138 1564 1182 pertur-

240 1205 461 1246 bacionem
506 1204 690 1256 ecclesie,
744 1212 835 1244 turn
881 1203 1013 1242 eciam
1058 1210 1232 1255 propter
1278 1200 1431 1240 scelera
1484 1214 1565 1253 que

240 1277 380 1316 hostes
428 1275 597 1316 ecclesie
630 1289 678 1315 ex
711 1288 859 1314 eorum
892 1272 1067 1313 audacia
1098 1280 1397 1325 perpetrarent.
1442 1271 1567 1311 Unde

187 1364 223 1397 I5
240 1347 429 1399 arguitur
461 1356 500 1387 et
531 1355 698 1386 tenetur
729 1345 847 1398 quod
879 1345 1073 1384 doctores
1104 1342 1242 1382 vocati
1275 1356 1323 1381 ex
1363 1342 1564 1381 mandato

239 1417 400 1457 domini
433 1417 539 1470 regis
572 1426 611 1456 et
642 1415 763 1456 iurati
796 1415 848 1455 ad
881 1415 1108 1454 dicendum
1138 1413 1355 1452 veritatem
1390 1413 1439 1451 de
1468 1425 1564 1450 casu

240 1488 309 1540 qui
357 1501 491 1541 nuper
537 1486 712 1540 contigit
754 1485 797 1524 in
830 1483 1214 1525 VVestrnonasterio
1259 1483 1311 1521 ad
1355 1482 1563 1521 honorem

240 1558 329 1609 Dei,
362 1559 414 1597 ad
447 1557 671 1597 utilitatem
706 1555 878 1596 ecclesie
910 1565 950 1596 et
984 1556 1035 1595 ad
1069 1553 1425 1607 expurgacionem
1451 1567 1560 1592 erro-

239 1643 333 1668 rum
365 1629 406 1668 in
440 1642 583 1683 regno,
630 1635 676 1666 ut
721 1626 868 1666 exinde
907 1635 985 1666 stet
1025 1624 1292 1665 constancius
1324 1624 1366 1663 in
1398 1623 1565 1675 virtute,

183 1725 224 1747 20
240 1699 405 1739 mentiri
460 1699 690 1738 debuerant
743 1705 916 1750 propter
977 1697 1083 1736 dno:
1142 1695 1280 1748 primo
1328 1708 1405 1747 pro
1456 1693 1565 1733 fama

241 1783 315 1809 sua
352 1770 554 1809 servanda
592 1768 662 1823 qui
696 1777 868 1808 actenus
901 1766 1080 1820 reputati
1116 1774 1214 1806 sunt
1256 1765 1398 1804 hostes
1433 1764 1562 1804 eccle-

242 1839 318 1892 sie3
343 1839 517 1893 quilibet
539 1848 681 1879 autem
698 1839 819 1878 debet
842 1836 1090 1890 diligencius
1106 1849 1264 1876 servare
1284 1834 1441 1874 famam
1463 1847 1562 1887 pro-

242 1909 377 1962 priam
409 1923 538 1963 quam
572 1908 730 1949 famam
773 1907 954 1947 alienam
987 1920 1063 1959 pro
1105 1919 1188 1959 qua
1229 1905 1271 1944 in
1311 1918 1409 1944 casu
1443 1917 1563 1943 men-

241 1979 307 2019 tiri
341 1989 400 2019 est
431 1979 606 2019 licitum.
641 1978 837 2020 Secundo
861 1978 1094 2016 debuerant
1125 1974 1293 2015 mentiri
1321 1975 1373 2014 ad
1397 1987 1563 2014 conser-

186 2050 430 2098 25vandum
461 2048 677 2103 privilegia
709 2047 878 2088 ecclesie
907 2060 989 2100 que
1023 2055 1159 2086 essent
1191 2045 1308 2085 aliter
1341 2046 1563 2096 destructa,

240 2120 411 2160 veritate
434 2121 595 2159 detecta
618 2118 802 2159 dominis
824 2116 1130 2170 temporalibus
1154 2124 1193 2155 et
1217 2115 1418 2169 patronis.
1452 2115 1566 2155 Cum

241 2200 382 2231 autern
406 2191 514 2230 dicta
536 2189 749 2243 privilegia
773 2189 854 2228 sint
877 2186 1158 2242 prestanciora
1174 2200 1304 2240 quam
1318 2185 1402 2225 vita
1425 2185 1564 2225 homi-

242 2261 305 2300 nis
338 2275 413 2314 pro
447 2275 530 2315 qua
552 2261 753 2300 servanda
774 2258 939 2299 licitum
968 2266 1029 2298 est
1051 2256 1234 2308 mentiri,
1269 2256 1407 2296 multo
1431 2255 1564 2308 magis

243 2332 477 2371 debuerunt
521 2330 687 2371 mentiri
731 2343 808 2383 pro
852 2329 933 2369 illis
979 2327 1205 2382 privilegiis
1252 2325 1563 2366 conservandis.

213 2415 230 2446 1
303 2403 525 2450 Quantum
568 2402 620 2441 ad
663 2399 920 2454 principium
965 2399 1075 2438 illius
1124 2397 1332 2438 sentencie
1364 2405 1479 2450 patet
1518 2410 1565 2436 ex

243 2480 420 2512 tractatu
465 2473 526 2511 De
565 2471 787 2511 Mendacio
838 2470 956 2523 quod
1008 2478 1068 2509 est
1120 2468 1291 2508 cuilibet
1337 2466 1447 2507 fideli
1494 2467 1564 2505 de-

242 2542 431 2582 testabile
463 2551 510 2582 ut
532 2541 765 2581 hereticum
787 2549 826 2580 et
851 2539 1160 2593 blasphemum.
1194 2539 1304 2577 Nam
1328 2537 1359 2576 si
1393 2536 1565 2589 aliquod

243 2612 510 2653 mendacium
535 2612 586 2652 sit
618 2610 879 2652 meritorium
913 2619 952 2650 et
983 2609 1159 2663 aliquod
1189 2607 1564 2661 superhabundans

296 2769 317 2790 1.
338 2762 378 2790 B:
400 2752 556 2790 honorent
576 2761 797 2789 meretricium.
922 2758 948 2786 5.
970 2759 1010 2786 13:
1032 2758 1117 2794 qnod
1146 2758 1212 2785 eins
1239 2757 1331 2784 veris.
1474 2762 1516 2788 14.
1537 2755 1565 2781 A

245 2808 274 2836 in
296 2817 412 2844 marg:
434 2809 561 2845 Opinio.
704 2815 748 2835 22.
776 2807 798 2834 B
831 2807 861 2834 in
891 2814 1005 2841 marg:
1038 2805 1133 2834 Fame
1163 2813 1257 2832 causa
1277 2804 1348 2831 licet
1369 2801 1502 2829 mentiri.
1525 2800 1564 2827 B:

245 2856 358 2891 quibus
379 2861 481 2883 autem
497 2856 598 2884 debet.
741 2861 790 2888 24.
812 2852 929 2880 Coeia:
954 2852 1136 2880 debuerunt.
1281 2851 1327 2878 30.
1349 2850 1375 2877 A
1398 2848 1427 2876 in
1450 2855 1563 2882 marga

243 2902 427 2937 Responsio.
459 2902 576 2931 Contra
598 2902 786 2930 sentenciam
809 2908 866 2937 que
888 2899 961 2927 dicit
982 2900 1097 2927 licitum
1121 2903 1166 2926 est
1186 2898 1316 2926 mentiri.

1776 236 1851 290 159

1596 996 1692 1024 Some
1714 997 1840 1024 doctors

1581 1033 1859 1068 saytllatitisrighl

1612 1073 1642 1094 to
1663 1068 1731 1100 give
1751 1067 1828 1094 salse

1581 1102 1768 1138 opinionsin
1781 1103 1857 1130 such

1661 1146 1676 1165 a
1696 1145 1778 1174 case,

1581 1699 1629 1726 for
1655 1700 1704 1726 the
1733 1701 1805 1727 sake
1825 1699 1860 1727 os

1581 1736 1667 1762 one's
1684 1743 1753 1773 oxyn
1769 1743 1857 1771 repu-

1668 1775 1774 1806 tanon,

1591 1988 1626 2007 or
1645 1984 1675 2007 10
1697 1980 1843 2008 maintain

1580 2016 1630 2042 the
1646 2015 1810 2050 privileges
1826 2015 1861 2043 of

1615 2051 1664 2078 the
1686 2050 1821 2078 Church.
