2045 3312
121 285 195 324 136
854 289 1078 323 ,IOHANNIS
1104 288 1301 321 WYCLIF.
1553 272 1660 332 [CAP.
1676 282 1730 312 vi.

405 398 629 452 quomodo
680 396 907 436 dicendum
962 404 1023 435 est
1068 395 1119 433 ad
1163 394 1393 434 secundam
1436 393 1650 434 racionem
1693 402 1733 433 et
1753 401 1884 445 147¹’R

408 467 602 519 terciam,
637 467 909 508 concedendo
949 464 1206 506 sentenciam
1250 464 1514 517 catholicam,
1561 463 1604 503 in
1651 476 1734 518 qua

407 538 720 590 manuducunt,
745 546 784 577 et
807 536 994 576 cavendo
1019 535 1238 588 diligenter
1259 534 1310 574 ab
1339 548 1476 574 errore
1498 534 1734 575 intellectus

407 618 447 649 et
479 608 676 648 scandalo
722 606 932 647 auditorii.
979 606 1126 646 Posset
1172 606 1284 645 enim
1328 605 1524 645 seductus
1570 604 1733 644 credere

407 679 526 734 quod
570 678 709 718 omnis
749 676 997 718 christianus
1042 675 1150 717 foret
1181 676 1291 716 idem
1327 676 1603 729 personaliter
1635 685 1768 718 cum5

412 749 580 790 Christo
616 749 853 789 secundum
887 761 1039 801 corpus
1073 756 1112 787 et
1150 746 1350 800 animam,
1392 747 1449 787 ita
1487 747 1603 801 quod
1647 759 1735 786 non

410 820 548 860 forent
581 819 767 872 dispares
800 831 978 872 persone
1011 817 1193 858 essencie
1217 817 1280 857 vel
1302 827 1462 870 nature,
1487 817 1605 871 quod
1628 815 1736 856 foret

412 890 537 930 nimis
572 903 809 930 erroneum.

136 967 214 996 This
236 975 372 995 oneness
473 962 596 1002 Unde
641 974 693 1000 ne
726 960 871 999 darem
923 959 1170 999 scandalum
1214 957 1339 1008 scole,
1370 957 1395 985 ²³⁸¹
1418 957 1559 998 distuli
1610 957 1736 998 istam
1756 968 1833 1009 147⁶
1859 964 1888 999 S

118 1004 192 1031 with
223 1003 270 1030 his
301 1010 397 1030 mem-

142 1038 388 1101 b‘fflfflffgnssm
414 1031 646 1071 materiam.
681 1029 848 1083 Aliquis
882 1029 996 1069 enim
1029 1038 1090 1069 est
1136 1028 1424 1082 participative
1466 1027 1658 1068 Christus
1692 1037 1738 1068 ut
1759 1046 1797 1068 10

123 1101 639 1179 rffssflssss’ssgssssffiiyqUOdlibet
676 1101 919 1140 membrum
958 1100 1059 1152 eius,
1099 1109 1138 1140 et
1181 1099 1331 1153 aliquis
1375 1098 1651 1152 personaliter
1694 1107 1740 1138 ut

184 1178 330 1207 ashead·
421 1172 562 1213 solum
607 1171 749 1225 ipsum
791 1181 929 1225 caput,
978 1180 1017 1211 et
1067 1169 1125 1210 illi
1159 1170 1231 1224 qui
1283 1183 1370 1209 non
1404 1169 1577 1223 capiunt
1616 1169 1741 1209 istam

412 1241 748 1294 distinccionem,
782 1255 870 1282 non
916 1241 1090 1294 capiunt
1123 1253 1296 1280 sensum
1339 1239 1465 1279 huius
1510 1239 1740 1293 scripture:

419 1313 504 1362 Qui
534 1312 717 1353 adheret
761 1313 870 1364 Deo,
918 1325 1032 1352 unus
1081 1312 1264 1364 spiritus
1309 1316 1383 1361 est,
1429 1318 1469 1349 et
1516 1309 1739 1363 quomodo

412 1383 637 1424 vinculum
670 1382 851 1423 caritatis
883 1382 949 1421 vel
983 1381 1119 1436 gracie
1161 1390 1222 1421 est
1266 1379 1420 1421 forcius
1469 1393 1600 1434 quam
1646 1379 1737 1419 vin·
1760 1385 1796 1419 15

415 1454 561 1495 culum
594 1454 797 1506 naturale,
832 1462 877 1493 ut
910 1452 1009 1493 dicit
1041 1451 1308 1505 Augustinus
1340 1451 1380 1490 in
1407 1450 1514 1490 libro
1547 1450 1609 1490 De
1630 1451 1738 1492 Vera

414 1524 636 1579 Religione
648 1524 778 1577 XCIO,
804 1533 842 1564 et
864 1532 1026 1564 tactum
1049 1532 1109 1563 est
1128 1536 1216 1576 cap.
1234 1521 1429 1575 proximo
1453 1521 1495 1560 in
1519 1520 1737 1561 solucione

415 1595 530 1637 tercii
563 1594 814 1649 argumenti.
849 1595 902 1634 Et
934 1602 1047 1648 patet
1080 1593 1302 1647 quomodo
1346 1590 1605 1645 intelligendi
1639 1599 1777 1631 sunta

417 1667 608 1706 doctores
654 1666 811 1717 sancti,
862 1664 1140 1705 concedentes
1187 1663 1311 1702 istam
1359 1661 1644 1713 sentenciam,
1692 1669 1738 1701 ut

417 1736 696 1790 Augustinus,
731 1735 1021 1776 Crisostomus
1055 1744 1094 1774 et
1126 1733 1362 1773 Bernardus
1395 1746 1494 1772 cum
1544 1731 1634 1771 aliis
1665 1730 1737 1784 qui
1756 1748 1798 1770 20

418 1805 589 1860 sapiunt
628 1805 768 1845 Deum
801 1814 840 1845 et
880 1805 1019 1858 legem
1057 1804 1272 1857 scripture.
1313 1803 1366 1842 Et
1407 1811 1520 1856 patet
1553 1801 1781 1841 secundob

419 1876 641 1931 quomodo
690 1875 781 1916 tolli
838 1875 990 1915 debent
1031 1883 1279 1928 argumenta
1318 1871 1546 1926 sophistica
1583 1870 1625 1910 in
1664 1870 1743 1910 ista

418 1945 606 1998 materia,
640 1954 686 1986 ut
717 1945 774 1984 hii
814 1945 983 1998 instant,
1023 1945 1055 1984 si
1095 1944 1206 1984 beati
1239 1943 1394 1996 singuli
1427 1951 1525 1982 sunt
1563 1954 1743 1995 persona

421 2016 590 2065 Christi,
626 2025 727 2056 tunc
761 2025 859 2056 sunt
903 2015 1178 2070 personaliter
1221 2014 1310 2068 ipse
1352 2012 1559 2064 Christus,
1608 2019 1647 2050 et
1685 2010 1742 2050 sic

420 2096 589 2127 tantum
621 2086 813 2127 Christus
846 2096 907 2126 est
938 2086 1086 2138 homo,
1121 2095 1160 2126 et
1193 2084 1333 2124 omnis
1356 2084 1490 2124 homo
1524 2090 1584 2122 est
1602 2080 1740 2121 omnis
1758 2086 1798 2119 25

420 2157 568 2209 homo,
601 2170 699 2197 cum
730 2156 818 2196 aliis
850 2155 1027 2210 arguciis
1060 2154 1346 2208 multipliciter
1392 2153 1434 2192 in
1487 2151 1659 2192 materia
1691 2151 1742 2190 de

421 2227 614 2268 trinitate.
655 2227 735 2267 Sed
768 2226 825 2265 hii
848 2241 934 2266 non
968 2225 1231 2266 considerant
1265 2224 1382 2278 quod
1405 2223 1539 2263 multa
1561 2230 1742 2275 possunt

423 2313 510 2338 esse
543 2298 691 2338 eadem
722 2311 902 2351 persona
934 2295 1302 2345 communicative,
1347 2292 1633 2348 participative
1678 2291 1742 2330 vel

423 2369 659 2410 secundum
693 2381 780 2407 esse
812 2366 1083 2421 intelligibile,
1116 2366 1211 2406 licet
1252 2379 1338 2404 non
1377 2363 1664 2418 personaliter,
1705 2371 1744 2402 et

424 2448 538 2493 patet
560 2439 677 2493 quod
700 2437 1005 2492 consequencie
1050 2436 1326 2490 multiplicate
1363 2449 1447 2475 non
1494 2434 1742 2488 procedunt.
1761 2437 1802 2469 30

484 2509 646 2550 Ultimo
711 2518 826 2562 patet
883 2508 999 2562 quod
1069 2521 1154 2547 non
1217 2516 1277 2547 est
1343 2504 1625 2559 repugnancia
1702 2502 1781 2541 ine
1806 2505 1836 2539 Τ

426 2579 628 2633 equivoce
658 2579 985 2619 concedentibus
1020 2586 1060 2617 et
1093 2576 1342 2631 negantibus
1377 2576 1554 2615 eandem
1585 2587 1744 2628 propo-

480 2703 504 2732 3.
536 2704 557 2731 B
601 2703 630 2731 in
668 2711 784 2736 inan-gs
837 2703 932 2730 lim-or
969 2702 1140 2730 intellectus
1178 2706 1204 2728 et
1244 2700 1425 2728 scandalum
1477 2704 1547 2727 sunt
1599 2699 1747 2726 cavenda.

428 2760 457 2788 9.
478 2753 507 2778 A
526 2752 555 2777 in
584 2757 698 2783 marg:
738 2749 881 2777 Christus
907 2749 1072 2784 dupliciter
1098 2748 1217 2776 dicitur.
1377 2755 1417 2775 ιε.
1445 2747 1473 2774 Α
1500 2747 1539 2773 Βε
1584 2746 1746 2774 Salomon.

427 2799 468 2832 Al
498 2805 577 2825 corr.
610 2797 638 2824 in
671 2804 784 2831 marga
814 2796 925 2823 solum.
1071 2804 1108 2831 17v
1132 2796 1170 2822 13:
1193 2794 1229 2822 de
1257 2801 1316 2821 una
1344 2793 1502 2827 religione.
1612 2800 1650 2820 αι.
1672 2792 1746 2820 Ain

428 2851 544 2878 marg:
566 2842 683 2871 Contra
704 2842 794 2870 dicta.
909 2849 942 2878 27
964 2842 1005 2869 13:
1027 2841 1087 2870 Sed
1110 2841 1180 2869 hiis.

494 2939 540 2970 ¹4-
568 2930 576 2960 Ι
606 2930 685 2961 Cor.
714 2930 768 2969 Vl,
805 2939 851 2970 ¹7·
1001 2938 1037 2970 ¹7
1065 2926 1117 2959 Cl'.
1146 2926 1256 2957 above
1285 2936 1362 2969 pag.
1397 2935 1469 2970 ¹09·
