2045 3312
285 264 372 292 CAP.
398 254 496 313 xvi]
784 271 841 302 DE
868 270 1103 304 ECCLESIA.
1817 263 1894 303 385

127 375 453 426 X182⁰quando
502 388 612 414 unus
657 375 887 415 omissione
931 376 995 414 vel
1041 376 1345 416 commissione
1383 377 1606 431 participat

281 453 457 496 peccato
481 444 667 496 alterius;
692 445 725 484 si
749 445 862 485 enim
887 446 1129 499 prepositus
1152 445 1379 499 spiritualis
1403 447 1604 487 exercitus

280 514 344 553 vel
390 514 499 567 capit
542 515 801 568 stipendium
846 529 922 569 pro
968 515 1171 555 militibus
1210 530 1321 570 quos
1353 530 1441 556 non
1481 517 1605 557 habet

279 583 342 622 vel
378 598 455 637 pro
488 584 671 639 indignis
704 599 812 639 quos
846 586 969 625 debet
1002 585 1222 639 corrigere,
1256 587 1481 640 quomodo
1516 601 1604 626 non

245 661 342 694 §est
379 654 557 707 dignum
590 655 866 695 elemosinam
899 656 1274 709 proporcionalem
1305 657 1356 695 ab
1390 657 1465 696 illo
1504 658 1601 697 sub—

278 721 462 764 trahere?

334 795 420 834 Nec
459 795 568 835 valet
605 794 784 835 infidelis
824 795 945 835 ficcio
985 810 1069 850 qua
1109 796 1260 836 dicitur
1293 797 1411 851 quod
1443 797 1601 851 absque
1654 805 1723 833 Itis
1743 805 1813 833 vain
1834 811 1865 834 to

278 865 528 905 condicione
574 865 651 905 fuit
696 865 801 905 facta
848 866 1040 918 collado,
1074 868 1471 921 quomodocunque
1507 867 1598 907 reli-
1616 841 1894 910 ςῖἷιῐῗέῗυὲξέἴιῃῖἓὲε

276 934 422 988 giosus
453 935 636 975 voluerit
659 936 868 976 donatum
892 938 1137 990 expendere,
1163 937 1262 991 quia
1283 937 1366 977 hoc
1389 946 1601 977 accusaret
1642 911 1868 974 Wnciii'ilssiiscf'n'

222 1024 260 1044 10
276 1014 477 1058 patronos
523 1019 570 1045 ex
614 1006 875 1059 blasphemia
907 1016 947 1046 et
980 1007 1241 1060 extingueret
1274 1022 1394 1061 spem
1433 1008 1481 1046 de
1521 1021 1599 1047 suo

275 1075 477 1128 spirituali
524 1076 746 1130 suffragi03
790 1077 885 1117 ideo
932 1092 1020 1117 non
1053 1077 1195 1118 minus
1228 1087 1403 1131 propter
1435 1088 1599 1118 mortu-

273 1159 397 1185 orum
429 1145 678 1200 suffragium
710 1161 840 1201 quarn
871 1148 1065 1188 vivorum
1100 1149 1338 1189 subsidium
1361 1149 1483 1188 debet
1512 1147 1598 1188 fieri

271 1215 448 1269 diligens
482 1217 706 1271 inquisicio
739 1218 781 1257 in
816 1218 891 1258 hac
921 1229 1053 1272 parte3
1086 1228 1186 1259 tunc
1211 1219 1323 1259 enim
1346 1219 1598 1258 haberemus

271 1286 490 1339 pauciores
535 1287 701 1339 milites,
747 1289 818 1328 sed
858 1289 1123 1342 potenciores
1169 1298 1312 1329 contra
1351 1289 1596 1343 dyabolum.

222 1363 258 1396 Y
330 1357 415 1397 Nec
448 1357 557 1397 valet
589 1357 862 1397 infundabilis
895 1358 1015 1399 ficcio
1049 1373 1133 1413 qua
1155 1359 1306 1399 dicitur
1328 1359 1443 1412 quod
1467 1372 1596 1398 nemo
1612 1364 1693 1392 Vain
1722 1371 1774 1393 too
1794 1366 1820 1394 is
1840 1367 1890 1394 the

270 1426 403 1467 aufert
448 1427 676 1481 quicquam
728 1428 971 1482 simpliciter
1015 1430 1066 1469 ab
1112 1429 1193 1469 alio
1240 1429 1317 1468 nisi
1365 1428 1525 1468 auferat
1575 1442 1597 1467 a
1624 1400 1871 1472 fictppgxttalffigau

270 1497 459 1551 quolibet
492 1498 569 1537 sibi
603 1498 728 1538 simili
763 1499 805 1538 in
839 1509 998 1551 natura,
1032 1500 1130 1554 quia
1162 1509 1262 1540 tunc
1296 1514 1423 1539 nemo
1455 1507 1598 1552 posset
1629 1474 1862 1542 alissybliiiirffem

270 1568 497 1621 quicquam
521 1569 679 1609 auferre
702 1570 752 1609 ab
775 1570 871 1621 alio,
903 1584 1000 1609 cum
1024 1584 1153 1609 omne
1176 1570 1365 1610 ablatum
1386 1569 1436 1609 ab
1462 1569 1596 1622 impio

269 1638 467 1678 tribuitur
511 1639 636 1680 iusto.
684 1640 749 1681 Sic
794 1640 907 1680 enim
955 1640 1050 1681 iusti
1085 1641 1273 1680 tulerunt
1306 1640 1438 1693 spolia
1471 1639 1595 1692 impi-

213 1725 254 1746 20
270 1722 393 1748 orum
426 1719 464 1749 et
498 1711 615 1750 omni
646 1710 818 1750 habenti
849 1710 1035 1762 dabitur,
1068 1711 1121 1750 ab
1154 1724 1202 1750 eo
1235 1716 1380 1750 autem
1404 1710 1479 1763 qui
1512 1723 1594 1749 non

269 1778 393 1818 habet
439 1785 478 1818 et
524 1780 638 1833 quod
682 1781 854 1820 videtur
898 1782 1055 1820 habere
1099 1781 1353 1835 auferetur;
1385 1789 1424 1819 et
1457 1780 1513 1819 sic
1546 1781 1595 1818 de

269 1849 409 1888 modis
441 1850 646 1903 loquendi
670 1851 887 1903 scripture,
911 1860 1157 1891 sanctorum
1180 1852 1409 1890 doctorum
1433 1859 1472 1889 et
1494 1849 1594 1903 legis

269 1919 451 1959 ecclesie.
487 1921 597 1958 Nam
628 1920 844 1961 XXXVIIa
889 1920 1065 1973 epistola
1097 1920 1324 1973 Augustini
1363 1920 1414 1959 ad
1455 1920 1591 1958 Mace-

268 1988 447 2028 donium
494 1989 644 2029 dicitur
688 1991 805 2044 quod
851 2004 932 2030 non
979 1991 1208 2030 dimittitur
1243 1996 1471 2044 peccatum
1515 1989 1596 2029 nisi

212 2063 252 2095 25
268 2059 523 2099 restituatur
554 2060 761 2111 ablatum,
785 2070 824 2100 et
852 2061 965 2099 idem
993 2060 1164 2113 ponitur
1197 2060 1238 2099 in
1263 2074 1439 2111 canone,
1462 2060 1591 2110 XIV³‚

267 2142 305 2181 q.
353 2129 419 2169 VI.
467 2130 512 2169 Si
556 2143 635 2170 res.
683 2130 763 2170 Ista
797 2130 872 2170 tria
904 2130 1170 2170 nesciverunt
1202 2130 1441 2183 sompniare
1474 2130 1591 2183 quod

266 2212 351 2238 non
385 2209 445 2239 est
477 2201 638 2240 ablacio
671 2201 750 2240 nisi
782 2201 903 2253 iusta,
938 2215 1012 2241 nec
1045 2202 1165 2255 quod
1198 2211 1258 2240 est
1290 2200 1399 2240 iusta
1429 2199 1590 2239 ablacio

266 2268 343 2308 nisi
397 2269 519 2310 fuerit
570 2271 825 2311 auctorizata
877 2286 900 2310 a
952 2270 1152 2324 pontifice
1204 2272 1417 2310 Romano.
1481 2271 1591 2309 Nam

266 2351 440 2378 omnem
479 2340 745 2380 ablacionem
788 2341 853 2380 vel
894 2341 1168 2381 collacionem
1203 2341 1310 2381 sicut
1344 2350 1383 2380 et
1415 2353 1590 2379 omnem

318 2496 342 2523 7.
365 2490 392 2516 A
413 2489 434 2515 B
462 2490 490 2516 in
514 2498 629 2525 marg.:
661 2491 771 2518 Tereia
805 2491 901 2519 ficcio.
1049 2492 1075 2519 8.
1104 2493 1136 2519 In
1168 2491 1279 2518 codd.:
1319 2490 1583 2526 quandocunque.

265 2535 301 2563 15.
324 2537 351 2562 A
372 2535 410 2562 B:
434 2537 553 2570 Quarta
574 2537 672 2565 ficcio.
711 2539 740 2565 A
762 2538 790 2565 in
813 2546 928 2573 marg.:
951 2538 1031 2566 Nota
1050 2538 1177 2566 ficticias
1202 2546 1258 2574 pro
1274 2538 1495 2565 dominacione
1516 2536 1589 2563 cleri

265 2582 386 2614 (Above
406 2582 468 2610 182c
487 2584 617 2611 without
638 2585 726 2612 mark
740 2584 775 2611 of
787 2584 967 2618 reference).
1077 2585 1119 2613 23.
1141 2586 1170 2612 A
1191 2592 1222 2612 m
1240 2592 1355 2618 marg.:
1376 2582 1585 2618 Augustinus.

264 2627 286 2654 B
307 2628 336 2656 in
359 2637 473 2664 marg.:
496 2630 578 2658 Nota
599 2632 814 2666 Augustinum
850 2632 934 2667 quod
956 2639 1016 2659 non
1040 2631 1206 2659 dimittitur
1227 2635 1387 2666 peccatum
1423 2630 1481 2657 nisi
1503 2629 1586 2656 resti-

263 2680 369 2702 tuatur
401 2681 457 2703 etc.
603 2684 650 2711 29.
674 2679 701 2705 A
723 2677 752 2704 in
775 2685 891 2712 marg.:
923 2678 989 2705 Stat
1014 2686 1082 2705 esse
1109 2678 1302 2706 ablacionem
1338 2676 1453 2703 iustam
1484 2680 1587 2710 preter

264 2722 322 2749 hoc
343 2723 425 2758 quod
448 2731 528 2759 papa
548 2724 649 2758 ipsam
672 2725 873 2758 approbaret.

324 2839 376 2872 26.
405 2842 495 2874 Vide
529 2844 626 2874 Decr.
664 2843 691 2875 11
720 2853 810 2886 pam,
850 2853 953 2875 causa
980 2843 1071 2883 XIV,
1115 2854 1148 2886 q.
1179 2843 1237 2883 VI,
1277 2854 1351 2887 cap.
1380 2843 1403 2875 1.
1447 2843 1497 2874 De
1525 2842 1583 2873 illa

264 2900 412 2942 epistola
439 2900 628 2943 Augustini
655 2902 735 2934 vide
762 2912 867 2945 supra
895 2912 975 2945 pag.
1003 2901 1081 2943 304.

1426 2961 1465 2993 25
