2045 3312
114 283 133 320 3
171 283 194 321 8
827 292 1051 324 JoaANNJs
1079 291 1272 323 WYCLIF.
1513 275 1619 333 [cim
1642 285 1722 313 xvi.

142 298 164 337 x)

404 400 515 438 dicta
549 406 611 438 est
642 412 667 437 α
692 399 875 438 Daniele
901 398 1114 451 propheta
1147 403 1324 436 stantem
1359 398 1400 435 in
1437 396 1525 435 Ioco
1559 402 1721 443 sanem,
1743 404 1820 438 1811·
1841 405 1876 438 P

403 470 517 509 velut
551 469 701 509 dicitur
730 469 855 508 Marci
890 468 999 518 XIII,
1043 480 1102 519 14,
1135 474 1315 507 stantem
1353 467 1423 506 ubi
1467 479 1549 505 non
1584 466 1724 506 debet:

404 541 478 592 qui
535 541 651 593 legit,
705 540 855 593 inquit,
908 538 1134 592 intelligat.
1169 538 1247 577 Sed
1288 538 1411 576 credo
1466 537 1581 591 quod
1636 550 1722 575 non

404 610 543 650 veniet
575 610 789 649 desolacio
824 611 875 648 ad
908 609 1020 648 hunc
1054 609 1244 661 gradum.

143 688 353 753 ηυἓπᾶξῗ-Ῑικέζζεγ
462 680 654 733 Septimo
688 680 972 733 principaliter
1004 679 1060 718 sic
1093 678 1298 731 arguitur:
1349 677 1521 716 Domini
1555 684 1774 730 tempo-Q

112 762 270 824 Ηιτῇἷιὲπῖἑ
286 743 508 823 ¹¹<¹2ii¹1sermles
541 750 667 789 libere
701 750 955 789 transferunt
988 750 1049 789 ius
1085 749 1202 802 quod
1226 748 1380 788 habent
1411 748 1462 787 ad
1486 761 1560 786 sua
1583 748 1720 786 domi-

112 817 559 871 111⁵anwnynotnabilia
603 834 714 859 nunc
760 820 799 858 in
849 829 1002 859 certam
1051 818 1400 858 communitatem
1449 827 1488 858 et
1532 831 1644 858 nunc
1682 818 1723 857 in

136 873 167 894 ω
189 876 205 894 a
226 871 363 902 §omem
406 903 532 929 unam
570 904 808 943 personam,
843 890 941 943 quia
973 889 1196 929 translacio
1242 889 1341 929 iuris
1387 888 1632 941 temporalis
1665 897 1725 927 est

404 960 605 1000 libertatis
640 970 838 1011 creature,
872 960 1057 1000 nolentis
1089 960 1148 999 uti
1174 960 1237 999 vel
1267 974 1355 999 esse
1386 959 1591 1012 particeps
1624 959 1723 998 alte-

404 1030 487 1070 rius
533 1031 624 1071 talis
668 1031 782 1083 iuris,
829 1032 900 1071 sed
940 1031 979 1070 in
1027 1039 1178 1070 certam
1215 1044 1438 1083 personam
1473 1029 1784 1069 transferuntio

404 1102 563 1154 absque
597 1110 769 1155 peccato
802 1116 876 1141 sua
914 1100 1116 1152 dominia,
1150 1114 1248 1153 ergo
1283 1113 1356 1153 per
1395 1100 1505 1139 idem
1545 1108 1725 1152 possunt

403 1172 561 1225 absque
595 1180 768 1224 peccato
803 1172 843 1210 in
869 1171 1174 1211 communitate
1209 1170 1426 1210 transferre
1458 1170 1547 1210 iura
1579 1170 1723 1209 huius-

405 1242 534 1281 modi.
569 1242 649 1281 Sed
683 1243 883 1281 translato
918 1242 1005 1281 iure
1037 1242 1078 1280 in
1125 1241 1476 1281 communitatem
1522 1254 1600 1293 pro
1645 1253 1724 1279 suo

404 1320 608 1365 perpetuo
637 1312 911 1366 consequitur
933 1322 1022 1352 tam
1044 1325 1312 1365 perseverans
1335 1311 1593 1362 dominacio,
1625 1324 1723 1363 ergo

403 1391 483 1422 stat
522 1383 877 1422 communitatem
916 1382 1065 1421 habere
1107 1392 1313 1435 perpetuo
1354 1382 1434 1421 tale
1466 1381 1722 1421 dominium.
1745 1385 1782 1418 15

176 1474 323 1500 Answer:
463 1452 542 1492 Hic
575 1452 682 1504 dico,
714 1452 852 1506 primo
887 1453 1002 1506 quod
1028 1452 1246 1492 conclusio
1271 1453 1449 1492 deducta
1481 1460 1540 1491 est
1573 1465 1723 1491 conce-

111 1508 199 1546 T¹¹95
220 1515 352 1545 may‚to
373 1518 428 1561 ad
518 1538 524 1546 ¹
893 1523 901 1529 ·
1042 1523 1067 1543 ,·
1104 1523 1140 1529 ··
1445 1537 1451 1545 .
1501 1538 1507 1545 .
1603 1521 1626 1542 *⁶
1663 1522 1669 1527 '
1693 1522 1699 1527 '

112 1545 389 1580 elvssmcfflyfflm
433 1522 538 1562 enda
586 1523 636 1562 de
683 1532 990 1563 communitate
1036 1523 1143 1562 civili
1190 1536 1271 1576 que
1316 1531 1377 1562 est
1420 1536 1548 1574 capax
1594 1522 1723 1561 c1vllis

114 1579 388 1651 Ιὶῗέιὲὴξῑῗξὲῗῑὶῖῗ
404 1592 597 1639 dominii,
632 1601 678 1632 ut
710 1602 823 1646 patet
857 1594 905 1631 de
954 1592 1098 1632 multis
1146 1592 1524 1632 communitatibus
1570 1592 1721 1633 civium

144 1648 196 1676 bnt
218 1655 270 1677 not
290 1655 321 1677 to
344 1659 359 1678 a
537 1663 543 1668 ·
575 1663 582 1669 ·
668 1662 693 1682 ,·
728 1663 735 1669 ·
759 1663 766 1669 ·
974 1663 981 1668 -
1661 1662 1669 1669 ,

137 1685 259 1712 clerica}
282 1694 370 1714 com-
405 1676 485 1716 que
518 1663 627 1702 lieite
661 1663 833 1702 civillter
864 1663 1151 1704 dominantur.
1186 1663 1265 1702 Sed
1290 1662 1439 1715 procul
1463 1662 1544 1702 hoc
1577 1663 1628 1702 ad
1662 1677 1723 1701 ln-

186 1726 317 1759 mumty.
406 1733 621 1772 ferendum
659 1734 775 1787 quod
808 1733 957 1772 clerico
993 1733 1052 1787 (in
1088 1741 1294 1786 quantum
1333 1731 1598 1787 huiusmodi)
1632 1733 1726 1773 licet
1742 1747 1785 1769 20

405 1803 613 1842 dominari
646 1803 831 1855 civiliter,
865 1813 904 1843 et
948 1803 1083 1843 multo
1131 1802 1408 1856 periculosius
1454 1802 1561 1843 foret
1605 1817 1724 1843 com-

405 1874 655 1914 munitatem
693 1874 786 1913 cleri
821 1874 1030 1913 dominari
1065 1874 1249 1925 civiliter,
1284 1888 1378 1914 cum
1415 1887 1528 1913 error
1560 1873 1626 1912 ille
1661 1873 1725 1913 vix

406 1942 513 1983 soret
572 1944 867 1997 extinguibilis‚
924 1945 995 1984 sed
1051 1953 1266 1998 tamquam
1338 1957 1483 1984 cancer
1546 1953 1726 1997 serperet

402 2014 734 2068 ampliandoque
767 2015 1026 2068 procederet,
1068 2028 1294 2069 quousque
1329 2027 1524 2068 magnam
1562 2022 1722 2066 partem

404 2098 631 2137 regnorum
665 2084 861 2125 inficeret.
896 2085 1002 2125 Satis
1035 2098 1134 2138 ergo
1169 2093 1230 2124 est
1261 2084 1384 2124 nobis
1416 2084 1566 2123 habere
1599 2097 1723 2123 usum
1743 2088 1781 2120 25

403 2156 669 2195 moderatum
704 2155 1003 2208 temporalium
1036 2169 1113 2208 pro
1148 2155 1303 2195 nostris
1338 2154 1518 2208 propriis
1548 2153 1724 2193 necessi-

405 2224 559 2265 tatibus
594 2234 632 2265 et
664 2225 846 2266 aliorum
878 2239 1112 2278 pauperum
1159 2224 1389 2264 relevandis
1433 2224 1497 2263 vel
1543 2223 1724 2263 extincta

405 2308 551 2334 eorum
601 2295 900 2335 dominacione
954 2295 1060 2335 civili
1113 2295 1178 2333 vel
1230 2295 1269 2333 in
1330 2307 1478 2334 manus
1540 2293 1725 2347 capitalis

404 2364 569 2403 domini
615 2365 820 2416 derelicta,
860 2374 907 2405 ut
954 2374 1073 2405 notat
1118 2366 1246 2418 Hugo
1291 2365 1399 2403 libro
1444 2365 1630 2403 secundo
1664 2364 1724 2403 De

406 2435 700 2486 Sacramentis,
742 2444 856 2487 parte
889 2435 1085 2487 secunda,
1119 2449 1207 2487 cap.
1243 2434 1316 2473 ΙΙΙ0
1350 2443 1388 2473 et
1420 2434 1526 2475 VIIO.
1573 2434 1782 2486 Lasci,30

404 2504 553 2557 inquit,
588 2505 688 2558 quia
722 2511 898 2545 terrena
932 2512 970 2545 et
1000 2512 1172 2545 terrene
1207 2505 1286 2545 vite
1333 2504 1579 2546 necessaria
1611 2511 1723 2542 trac-

402 2580 508 2622 tant,
527 2587 638 2627 pars
671 2576 864 2627 corporis
892 2574 1050 2614 Christi
1080 2575 1254 2614 sinistra
1277 2580 1389 2614 sunt.
1418 2573 1574 2613 Clerici
1608 2586 1721 2620 vers),

457 2687 480 2715 5.
502 2689 528 2715 A
549 2687 578 2714 in
601 2696 714 2723 marg:
736 2688 875 2723 Septima
896 2687 992 2715 racio.
1138 2686 1173 2714 13.
1198 2687 1235 2714 B:
1259 2686 1436 2714 translacio.
1582 2686 1617 2713 15.
1644 2687 1670 2713 Α
1693 2685 1721 2712 in

405 2742 518 2768 marga
539 2733 726 2769 Responsio.
871 2736 917 2761 ΖΝ.
937 2735 966 2762 Λ
987 2733 1015 2761 in
1038 2741 1124 2767 marg
1145 2743 1151 2759 :
1174 2732 1277 2768 Hugo,
1299 2733 1331 2760 In
1353 2732 1496 2767 Hugonis
1518 2733 1562 2759 De
1583 2731 1720 2759 Sacram.

404 2780 422 2807 l.
444 2788 469 2808 c.
491 2781 590 2815 leges:
615 2780 698 2808 Laici
720 2780 783 2815 qui.

463 2873 515 2907 29·
559 2863 720 2906 Hugonis
761 2865 802 2895 de
842 2865 874 2896 S.
915 2864 1056 2896 Victore
1083 2864 1175 2907 Opp.
1203 2874 1283 2906 pars
1317 2864 1356 2904 Il,
1390 2863 1439 2894 De
1473 2863 1721 2903 Sacramenfis,

403 2921 460 2954 lib.
489 2923 526 2963 ll,
553 2933 631 2965 pars
659 2923 683 2954 ΙΙ
714 2919 783 2966 (cd.
806 2922 944 2965 Migne),
964 2933 1020 2965 pp.
1039 2933 1105 2965 417
1127 2928 1158 2953 et
1175 2932 1243 2963 420
1265 2921 1403 2954 mutatis
1434 2921 1566 2964 aliquot
1594 2920 1709 2952 verbis
