2045 3312
227 246 315 274 esre.
338 234 376 293 1.]
729 247 788 278 DE
817 246 1049 278 ECCLESIA.

75 367 109 407 Q,
131 365 210 398 130·¹
225 368 404 409 persona
442 367 523 406 que
563 361 623 391 est
655 360 788 391 mater
821 350 1006 402 ecclesia,
1041 360 1085 390 ut
1118 360 1231 403 patet
1264 365 1337 405 per
1373 353 1546 392 beatum

185 445 210 469 a
226 424 477 479 Gregorium
509 421 664 461 XXIIIO
688 421 918 461 Moralium
950 420 1089 474 primo
1113 421 1298 474 capitulo
1322 435 1448 475 supra
1472 422 1543 462 illo

222 495 298 536 Job
321 495 451 545 X1X0‚
478 494 542 543 25,
579 492 672 531 Scio
695 491 809 544 quod
833 491 1085 544 redemptor
1106 504 1227 531 meus
1252 492 1366 532 vivit.
1404 492 1547 533 Scien-

222 565 321 605 dum
362 563 498 617 inquit
530 562 643 615 quod
681 562 929 614 redemptor
963 568 1108 601 noster
1142 574 1272 601 unam
1304 575 1546 614 personam

191 646 266 677 §se
305 647 400 674 cum
440 647 521 673 sua
566 632 748 672 ecclesia
795 645 924 685 quam
960 633 1193 684 assumpsit
1226 632 1431 673 exhibuit.
1481 633 1548 672 De

222 707 313 758 ipso
346 705 456 745 enim
491 703 676 743 dicitur:
715 702 801 752 Qui
831 709 892 743 est
925 709 1055 755 caput
1081 702 1293 744 Christus.
1333 703 1546 743 Rursum-

222 789 302 829 que
335 774 387 815 de
420 775 511 814 eius
543 773 727 813 ecclesia
760 774 973 826 scriptum
1008 780 1090 813 est:
1122 772 1178 813 Et
1210 786 1369 826 corpus
1388 773 1548 814 Christi

220 845 332 899 quod
365 852 424 885 est
455 844 651 884 ecclesia.
685 844 738 883 Et
761 842 966 897 sequitur:
1006 841 1133 891 Quod
1154 842 1369 883 Christum
1398 843 1547 897 inquit,

221 923 260 956 et
303 917 527 957 ecclesiam
579 928 709 955 unam
748 927 988 967 personam
1023 913 1259 963 credimus,
1299 915 1378 954 lzoc
1410 915 1545 954 eciam

179 988 348 1028 bunius
376 999 563 1039 persone
598 985 763 1025 actibus
794 983 1041 1038 significari
1075 983 1312 1025 videamus.
1347 984 1400 1024 Et
1434 984 1547 1024 idem

220 1057 319 1097 dicit
350 1058 467 1097 XIX0
488 1057 714 1097 Moralium
748 1071 836 1109 cap.
862 1055 917 1095 IX
941 1065 979 1095 et
1003 1056 1078 1097 IV0
1103 1055 1331 1095 Moralium
1363 1068 1452 1108 cap.
1476 1055 1544 1095 IX.

220 1129 281 1168 De
326 1128 394 1167 illa
439 1127 649 1181 siquidem
695 1126 866 1166 ecclesia
912 1126 1030 1166 cuius
1077 1125 1270 1166 Christus
1316 1134 1376 1164 est
1421 1134 1547 1178 caput

221 1197 474 1253 (secundum
512 1198 806 1238 testimonium
844 1197 968 1237 huius
1009 1196 1138 1237 sancti
1172 1194 1299 1249 pape)
1344 1209 1543 1249 suppono

184 1269 333 1322 equod
372 1268 443 1308 fiat
481 1269 603 1309 nobis
636 1282 788 1308 sermo.
834 1268 887 1307 Et
919 1277 1032 1321 patet
1065 1267 1194 1321 quod,
1229 1266 1260 1305 si
1295 1266 1543 1306 christianus

166 1338 327 1379 15foret
372 1348 498 1392 caput
544 1339 655 1378 illius
703 1338 893 1389 ecclesie,
939 1347 1038 1377 tunc
1085 1337 1150 1377 vel
1193 1336 1363 1376 haberet
1410 1337 1544 1376 multa

220 1409 353 1463 capita
399 1411 515 1463 quod
565 1417 687 1462 negat
742 1408 973 1459 decretalis,
1021 1408 1085 1447 vel
1133 1407 1249 1447 aliter
1295 1407 1542 1447 christianus

218 1479 324 1520 foret
347 1479 516 1520 Christo
549 1478 753 1532 superior.
786 1479 883 1518 Non
916 1478 1029 1517 enim
1063 1487 1123 1518 est
1154 1478 1271 1517 color
1303 1479 1419 1531 quod
1450 1478 1542 1532 qui-

216 1550 318 1590 libet
368 1550 440 1604 qui
486 1560 547 1590 est
597 1558 723 1602 caput
774 1549 901 1602 partis
950 1547 1119 1588 ecclesie
1165 1548 1216 1587 sit
1261 1557 1386 1601 caput
1432 1548 1543 1588 illius

218 1620 401 1672 ecclesie,
435 1619 533 1674 quia
566 1628 667 1659 tunc
701 1619 860 1659 nedum
893 1618 1094 1658 dominus
1127 1632 1236 1671 papa
1269 1618 1339 1657 sed
1368 1619 1543 1672 quilibet

161 1708 200 1729 20
217 1698 415 1731 uxoratus
449 1700 488 1730 et
520 1703 648 1729 omne
682 1699 807 1743 caput
840 1690 969 1729 bestie
1004 1689 1109 1730 foret
1137 1699 1263 1743 caput
1286 1689 1468 1740 ecclesie,
1503 1699 1543 1730 et

217 1761 273 1801 sic
307 1758 372 1816 (ut
405 1760 592 1813 Sophiste
626 1759 882 1816 concedunt)
908 1761 1079 1801 ecclesia
1101 1760 1272 1800 haberet
1295 1769 1539 1800 monstruo-

217 1831 377 1870 sissime
411 1839 537 1884 caput
569 1839 608 1870 et
640 1831 830 1871 membra
852 1832 1059 1885 quotlibet
1081 1830 1261 1883 asinina;
1295 1831 1411 1883 quod
1436 1830 1540 1870 foret

217 1901 341 1940 nimis
364 1901 656 1954 sophisticum.
691 1901 921 1942 Videamus
944 1916 1041 1955 ergo
1066 1901 1279 1941 racionem
1304 1902 1539 1940 secundum

218 1985 345 2025 quam
371 1970 563 2011 Christus
598 1971 758 2011 dicetur
791 1971 1054 2025 singulariter
1078 1979 1204 2024 caput
1226 1970 1362 2011 tocius
1385 1984 1539 2023 sponse

160 2049 199 2081 25
217 2055 289 2081 sue
333 2049 430 2093 post
473 2040 585 2080 diem
629 2040 784 2093 iudicii,
830 2050 870 2081 et
912 2041 1070 2094 patebit
1114 2041 1207 2081 luce
1240 2040 1389 2081 clarius
1423 2041 1538 2095 quod

215 2126 341 2151 nemo
374 2111 479 2151 alius
512 2120 651 2164 potest
683 2125 770 2151 esse
804 2120 929 2164 caput
961 2111 1071 2151 illius
1105 2111 1289 2152 ecclesie.

1626 432 1778 468 Gregory.

1576 1284 1602 1312 If
1621 1293 1635 1311 a
1658 1284 1815 1312 Christian

1570 1321 1663 1347 could
1685 1321 1722 1347 be
1744 1320 1822 1347 head

1574 1355 1608 1382 of
1625 1356 1674 1382 the
1693 1355 1816 1382 Church

1584 1390 1620 1417 he
1640 1390 1745 1418 would
1768 1391 1804 1417 be

1582 1427 1680 1454 above
1701 1424 1815 1453 Christ.

163 2189 201 2223 R
272 2182 351 2222 Sed
386 2181 566 2222 obicitur
598 2196 670 2235 per
697 2182 922 2222 dominum
945 2183 1263 2222 Ardmacanum
1295 2181 1401 2221 libro
1424 2182 1534 2233 VIIs',
1552 2193 1715 2229 Objection
1739 2197 1829 2224 made

213 2331 350 2362 tenere
394 2323 511 2376 quod
554 2322 666 2362 idem
710 2336 862 2375 corpus
905 2322 1030 2362 habet
1076 2323 1209 2362 multa
1262 2323 1395 2376 capita
1439 2324 1535 2362 sub-

271 2444 295 2463 2,
312 2435 370 2462 AB
390 2437 418 2463 in
441 2444 544 2471 marg:
567 2436 750 2471 Gregorius.
894 2446 922 2468 4-
946 2437 966 2463 B
992 2436 1020 2463 in
1042 2444 1144 2472 marg:
1168 2436 1306 2465 Ecclesia
1327 2442 1371 2464 est
1393 2445 1537 2472 persona.

213 2483 239 2510 5.
260 2482 280 2509 B
297 2483 326 2510 in
342 2491 445 2518 marg:
468 2483 638 2518 Quomodo
655 2482 796 2510 Christus
819 2483 987 2518 assumpsit
1009 2483 1185 2520 ecclesiam,
1207 2488 1279 2511 tunc
1294 2483 1389 2519 (cuiE)
1411 2488 1457 2510 est
1477 2492 1538 2511 uua

213 2537 356 2564 persona.
434 2529 459 2557 5.
482 2529 581 2557 Codd.
596 2537 666 2557 cum
685 2538 756 2563 sua3
777 2535 876 2557 recte:
900 2538 1015 2560 sancta.
1087 2530 1114 2557 8.
1138 2531 1177 2557 ss:
1199 2530 1250 2566 qui
1271 2536 1327 2558 est.
1402 2538 1438 2558 ¹2.
1461 2531 1482 2558 Β
1502 2531 1532 2558 in

213 2584 315 2611 marg:
338 2575 519 2611 Gregorius.
660 2584 702 2612 27.
725 2576 786 2604 AB
808 2577 836 2604 in
859 2585 961 2611 marg:
1002 2578 1162 2605 Obieccio.
1193 2578 1422 2605 Ardmacanus.
1458 2580 1484 2605 A
1506 2578 1536 2605 in

213 2630 316 2658 marg:
347 2622 463 2652 Contra
491 2623 580 2651 dicta.

275 2728 302 2750 2.
319 2719 440 2752 Moral.
460 2720 577 2751 XXIII.
598 2720 680 2763 Cap.
700 2721 722 2752 I.
743 2721 834 2764 Oppa
852 2721 919 2762 (ed.
936 2722 1059 2762 Maur.)
1079 2728 1163 2753 tom.
1183 2723 1205 2764 I,
1233 2721 1311 2764 731.
1409 2732 1463 2764 27.
1479 2722 1535 2753 On

214 2775 363 2808 Richard
385 2778 457 2809 Fitz
475 2778 825 2821 Ralph,Chance110r
846 2779 885 2811 of
900 2779 958 2811 the
974 2780 1173 2822 University
1188 2780 1371 2811 ofOxsord
1392 2780 1424 2811 in
1441 2779 1535 2818 1333,

213 2834 436 2879 Archbishop
463 2836 503 2867 of
525 2836 691 2879 Armagh,
719 2837 760 2870 cf.
789 2837 950 2880 Wyclif’s
977 2839 1166 2871 Polemical
1195 2839 1326 2870 NVorks
1354 2839 1376 2879 I,
1410 2849 1464 2881 or,
1492 2838 1533 2869 cf.

214 2891 299 2923 Cod.
318 2893 419 2934 palat.
436 2894 586 2925 Vindob.
601 2905 702 2938 4127,
731 2895 789 2926 fol.
811 2898 985 2928 12--2io“.
1014 2897 1063 2929 De
1091 2898 1268 2929 erroribus
1289 2899 1533 2928 Armenorum.

214 2253 275 2292 De
320 2252 625 2301 Questionibus
671 2255 959 2292 Armenorum
1004 2266 1092 2306 cap.
1127 2253 1196 2303 VI,
1252 2252 1321 2292 ubi
1372 2252 1537 2291 videtur
1553 2231 1827 2267 byAsm‘¹C¹¹d¹³¹¹⁵'
