2045 3312
229 259 401 318 CAP.111-]
734 272 793 304 DE
820 270 1055 303 ECCLESIA.
1795 260 1810 295 5
1828 271 1837 295 1

77 393 112 426 D
135 392 214 426 135³
228 378 359 419 habiti
404 377 487 417 suis
519 376 782 430 temporibus
802 375 1145 428 correspondent.
1179 374 1302 415 Unde
1327 373 1554 427 Gregorius

229 449 302 489 ubi
334 457 477 501 supra:
517 447 687 495 Quanto
721 447 864 500 magis
894 453 1072 486 terrena
1104 445 1200 497 quis
1232 443 1390 497 diligit,
1436 450 1554 484 tanto

135 518 393 572 135bprivari
415 518 475 557 eis
496 518 795 558 velzemencius
812 516 1088 569 pertimescit.
1118 515 1215 563 Qua
1244 515 1354 553 enim
1370 511 1393 535 ἥ
1416 521 1556 554 mente

227 590 268 629 in
302 589 378 628 hoc
410 587 569 627 mundo
603 586 768 640 aliquid
793 586 1080 639 possidemus,
1120 599 1202 625 non
1237 583 1444 624 docemur
1473 585 1555 623 nisi

194 672 321 704 5cum
356 659 606 698 amittimus.
655 658 755 698 Sine
787 657 937 698 dolore
972 670 1156 710 namque
1188 656 1401 696 amittitur
1433 653 1553 708 quid-

226 728 329 782 quid
358 730 450 768 sine
482 740 633 768 amore
657 727 927 782 possidetur,
964 741 1043 780 que
1081 740 1181 767 vero
1217 726 1425 766 ardenter
1457 725 1553 765 dili-

224 799 368 853 gimus
401 798 561 848 habita,
594 800 792 853 graviter
818 799 1093 851 suspiramus
1127 798 1285 839 ablata.

285 868 438 909 Tercio
477 869 686 923 colligitur
725 869 842 922 quod
881 869 1164 909 adulterantes
1204 867 1454 920 scripturam
1492 879 1554 904 sa·
1617 872 1803 908 Hypocrites

1571 926 1577 935 ς
1597 916 1607 931 Ἰ
1620 916 1630 929 Ἰ
1766 916 1777 932 Ἰ
1823 915 1829 920 “

227 953 339 979 cram
371 939 413 978 in
445 939 524 979 ista
548 939 760 980 sentencia
791 949 889 979 sunt
918 938 1120 993 ypocrste,
1155 951 1260 992 quos
1290 936 1556 990 prophetavit
1570 907 1848 979 iiliieiysicnmtlilciii

172 1033 212 1056 10
226 1011 442 1063 apostolus
457 1010 687 1050 Timotheo
711 1010 955 1064 periculosis
980 1008 1242 1062 temporibus
1272 1007 1314 1046 in
1340 1007 1578 1047 ecclesiam·
1594 986 1664 1005 oun
1687 982 1829 1013 suppmt.

227 1094 505 1120 successuros.
550 1081 630 1120 Pro
665 1080 782 1120 cuius
824 1079 1110 1120 declaracione
1146 1091 1343 1131 suppono
1383 1077 1555 1129 factum,

226 1151 446 1204 quomodo
475 1150 666 1190 moderni
691 1150 959 1191 ecclesiastici
983 1150 1150 1204 fingunt
1172 1149 1407 1189 secundum
1430 1148 1554 1188 tradi-

227 1221 368 1261 ciones
403 1221 611 1261 humanas
645 1221 760 1275 quod
793 1221 953 1261 nedum
986 1220 1080 1260 licet
1114 1220 1184 1271 eis,
1230 1221 1301 1259 sed
1335 1227 1557 1271 peccarent

226 1291 471 1343 mortaliter,
505 1291 744 1331 omittendo
783 1290 981 1345 prosequi
1014 1304 1090 1344 pro
1124 1289 1368 1330 defensione
1413 1289 1556 1329 matris

175 1361 410 1406 15ecclesie.
457 1361 563 1401 Illud
596 1361 791 1401 meminit
826 1363 972 1401 beatus
1008 1360 1236 1414 Gregorius
1271 1358 1361 1415 (ubi
1395 1358 1554 1413 supra).

226 1431 341 1480 Istis,
374 1431 524 1485 inquit,
557 1433 594 1472 si
613 1431 740 1486 sorte
774 1432 968 1472 dicatur:
997 1431 1088 1471 Cur
1121 1431 1201 1471 ista
1235 1431 1371 1485 agitis
1395 1431 1466 1484 qui
1493 1443 1556 1470 se-

226 1502 370 1541 culum
395 1502 664 1555 reliquistis?
696 1503 959 1555 respondent
992 1503 1105 1542 illico
1129 1502 1271 1541 Deum
1296 1514 1339 1541 se
1365 1507 1555 1541 metuere

227 1578 265 1611 et
305 1571 464 1612 idcirco
508 1578 627 1613 tanto
672 1572 811 1613 studio
858 1574 900 1613 in
947 1572 1234 1627 defendendis
1272 1571 1558 1624 patrimoniis

233 1642 393 1682 Christi
416 1643 640 1685 insudare.
665 1642 804 1682 Hodie
828 1652 971 1682 autem
987 1642 1283 1696 superadditur
1305 1642 1424 1695 quod
1449 1643 1559 1681 bona

171 1735 213 1757 20
229 1725 305 1765 pro
339 1726 524 1766 quorum
548 1713 846 1767 acquisicione,
880 1713 1205 1753 conservacione
1229 1722 1269 1752 et
1301 1712 1558 1765 repeticione

229 1791 398 1822 tantum
431 1783 665 1824 insistimus
699 1793 798 1824 sunt
833 1785 943 1823 bona
977 1783 1147 1823 ecclesie
1182 1793 1221 1823 et
1254 1783 1560 1836 patrimonium

230 1851 407 1893 Christi:
441 1853 536 1893 ideo
568 1854 664 1894 licet
698 1868 772 1907 pro
817 1855 929 1893 bono
962 1853 1208 1894 universalis
1253 1853 1423 1893 ecclesie
1457 1867 1557 1892 con—

232 1924 463 1963 servacioni
496 1937 643 1964 eorum
686 1924 888 1964 insistere.
939 1925 1019 1964 Iste
1051 1933 1195 1964 autem
1240 1923 1360 1964 fucus
1399 1937 1446 1962 ex
1478 1922 1559 1962 hoc

230 1993 392 2033 tollitur
423 1994 537 2047 quod
571 1994 801 2034 deserendo
844 1994 935 2047 ipsa
979 2008 1054 2047 pro
1088 1994 1257 2034 Christo
1303 2002 1391 2033 tam
1434 1993 1557 2032 relin—

182 2075 221 2108 25
238 2077 369 2116 quens
403 2077 532 2117 quam
565 2064 737 2104 ecclesia
768 2064 858 2117 ipsa
889 2064 1028 2116 habet,
1075 2073 1120 2105 ut
1161 2064 1260 2104 dicit
1293 2063 1558 2117 Augustinus

229 2147 353 2186 super
373 2134 465 2174 Joh.
497 2134 663 2174 Omelia
686 2135 777 2175 Vla.
812 2135 923 2187 Ideo,
948 2144 994 2175 ut
1017 2134 1117 2175 dicit
1142 2136 1286 2175 beatus
1311 2133 1555 2187 Gregorius:

229 2203 418 2244 Frustra
447 2204 661 2245 laboravit
694 2205 813 2245 nullo
845 2206 998 2246 timore
1031 2215 1224 2260 cogente,
1260 2214 1299 2244 et
1333 2214 1378 2244 ut
1410 2203 1560 2243 dicitur

227 2273 394 2314 Psalmo
427 2275 550 2327 XIII⁰‚
592 2276 634 2315 5:
673 2275 771 2315 Illic
805 2275 1133 2328 trepidaverunt
1165 2277 1334 2324 timore,
1370 2274 1441 2314 ubi
1473 2287 1557 2314 non

286 2419 307 2440 1.
328 2411 391 2439 AB
412 2411 441 2439 in
464 2419 578 2446 marg:
600 2411 780 2447 Gregorius.
855 2420 881 2439 2.
903 2412 948 2440 A:
971 2412 998 2440 in
1020 2417 1150 2441 terrena.
1226 2411 1250 2439 3.
1274 2413 1312 2439 13:
1338 2412 1455 2440 Contra
1477 2412 1560 2439 enim

229 2462 341 2485 mente.
433 2457 460 2485 8.
482 2458 543 2486 AB
564 2458 594 2486 in
616 2467 728 2494 marga
750 2458 860 2486 Tereia
882 2460 1051 2487 conclusio.
1075 2461 1103 2487 A
1124 2460 1153 2486 in
1176 2468 1293 2496 marg:
1316 2458 1432 2487 Contra
1453 2458 1559 2486 defen-

230 2512 314 2532 sores
335 2504 448 2533 iurium
471 2510 499 2532 et
528 2505 763 2534 consuetudinis
785 2506 919 2534 humane
948 2507 1052 2542 gracia
1071 2507 1198 2543 proprie
1218 2506 1352 2534 avaricie
1373 2511 1402 2533 et
1422 2505 1559 2533 victorie.

230 2550 266 2579 15.
289 2551 350 2578 AB
372 2552 401 2578 in
423 2560 538 2588 marg.:
561 2552 740 2588 Gregorius.
851 2554 890 2581 ¹6.
914 2554 952 2581 B:
976 2554 1097 2590 dicitur,
1113 2562 1168 2582 cur
1188 2559 1286 2588 certa;
1308 2553 1389 2580 ibid:
1411 2551 1439 2579 iu
1462 2551 1558 2579 codd:

228 2596 269 2624 ita
297 2598 397 2633 agitis.
557 2607 600 2626 22.
623 2600 644 2627 Β
666 2600 695 2627 in
723 2608 840 2635 marg:
870 2600 986 2628 Contra
1014 2609 1068 2628 eos
1096 2601 1148 2636 qui
1177 2609 1209 2628 se
1237 2600 1342 2628 dicunt
1372 2598 1559 2626 contendere

231 2643 342 2672 debere
364 2653 420 2681 pro
449 2646 640 2682 acquirendo
668 2647 750 2674 bona
771 2647 914 2684 ecclesie,
942 2648 1012 2674 dato
1039 2647 1123 2683 quod
1148 2647 1265 2683 presint
1285 2647 1315 2674 in
1337 2645 1469 2673 ecclesia
1490 2644 1558 2671 Dei.

230 2688 273 2717 23.
293 2691 321 2718 A
341 2691 371 2719 in
391 2700 507 2728 marga
527 2691 608 2721 Nota
628 2692 744 2721 fucum.
853 2693 896 2721 25.
918 2693 939 2720 Β
961 2693 991 2721 in
1013 2702 1126 2729 marg:
1147 2693 1351 2729 Augustinus.

296 2809 344 2831 10.
374 2809 404 2831 2.
430 2799 586 2832 Timoth.
613 2801 668 2841 III⁷
700 2812 726 2832 t.
878 2801 930 2834 25.
958 2802 1046 2844 Aug.
1074 2801 1111 2833 In
1137 2801 1217 2833 Joh.
1244 2811 1367 2842 evang.
1394 2806 1475 2831 trac.
1502 2797 1560 2830 VI.

233 2856 324 2899 Opp.
351 2857 405 2898 ΙΙΙ,
432 2868 511 2901 pars
538 2859 576 2900 ΙΙ,
603 2869 681 2902 pag.
710 2859 775 2890 330
801 2869 901 2902 seqq.
1013 2858 1064 2891 26.
1092 2861 1240 2902 August.
1269 2862 1396 2890 Annot.
1424 2856 1457 2887 in
1481 2856 1558 2889 Job.

234 2914 326 2957 Opp.
364 2916 420 2956 111,
451 2928 478 2959 1,
504 2928 582 2960 pag.
610 2916 688 2961 675.
716 2917 862 2959 Gregor.
892 2918 912 2949 l.
941 2928 967 2950 c.
996 2928 1069 2960 cap,
1099 2919 1185 2950 XIII.

1374 2972 1419 3016 4÷÷
