2045 3312
162 1038 230 1067 The
252 1039 331 1067 devil
355 1038 411 1065 has

170 1077 285 1111 always
307 1075 413 1102 drawn

173 1118 243 1138 men
264 1115 295 1137 to
317 1110 411 1146 hypo-

152 1146 233 1181 crisy
262 1146 300 1182 by
320 1153 428 1172 means

198 1181 233 1208 of
250 1180 384 1207 sensible

242 1216 340 1250 signs.

884 293 1108 326 ,IOHANNIS
1136 294 1330 327 WYCMF.
1555 282 1662 341 [cm.
1683 293 1766 321 xix.

442 410 553 436 nova
599 396 821 438 efficaciter
865 399 986 438 nobis
1035 399 1274 451 fundatum,
1321 402 1391 440 sed
1437 410 1483 441 ut
1531 402 1809 455 plurimum'I¹

442 467 693 519 ambiguum
715 468 741 496 Ψ
763 477 802 508 et
832 470 894 508 vel
942 483 989 508 ex
1034 479 1150 522 parte
1183 471 1421 511 colencium
1454 473 1517 511 vel
1563 486 1610 512 ex
1652 482 1766 526 parte
1788 484 1864 528 ¹93⁸

442 538 751 590 occupancium
796 539 990 593 reliquias
1022 540 1235 580 viciatum.
1289 541 1405 581 Sicut
1438 542 1551 581 enim
1592 543 1630 581 in
1678 543 1766 597 lege

440 607 568 647 veteri
600 608 741 648 Judeis
788 610 1099 650 declinantibus
1134 625 1157 650 a
1189 611 1304 651 cultu
1350 611 1654 652 insensibilium
1703 613 1765 652 in-

441 678 665 719 valuerunt
687 679 805 732 signa
826 680 1113 734 generacionis
1144 682 1343 733 adultere,
1380 682 1436 721 sic
1469 683 1511 721 in
1544 696 1654 722 nova
1678 682 1800 735 lege5

442 756 634 801 torpente
680 750 904 791 affeccione
949 752 1165 791 celestium
1201 762 1371 805 oportet
1404 753 1654 793 tradiciones
1688 754 1765 793 hu-

442 832 586 858 manas
640 828 679 859 et
737 821 840 860 ritus
892 822 1230 862 ceremoniarum
1281 823 1538 864 sensibilium
1595 824 1768 863 dimissa

442 889 641 943 religione
687 900 727 931 et
764 891 987 932 affeccione
1030 892 1339 933 insensibilium
1372 895 1596 947 prevalere,
1643 903 1682 934 et
1715 895 1765 934 ad

444 959 524 999 hoc
557 970 732 1001 movent
764 970 843 1001 tres
877 962 1019 1002 hostes
1053 963 1203 1003 anime.

502 1031 612 1069 Nam
646 1044 813 1071 necesse
859 1041 919 1072 est
964 1034 1198 1087 dyabolum
1242 1034 1508 1074 illusionibus
1549 1035 1817 1087 signorumv

446 1100 711 1141 sensibilium
757 1106 955 1143 seducere
995 1105 1206 1157 ypocritas
1247 1105 1323 1144 sub
1358 1105 1493 1158 specie
1526 1105 1766 1157 sanctitatis,

445 1170 543 1223 quia
575 1180 744 1224 peccata
789 1172 896 1213 facta
929 1173 971 1212 in
1004 1175 1167 1227 populo
1200 1175 1280 1214 hoc
1313 1175 1547 1228 requirunt,
1593 1184 1633 1215 et
1665 1176 1765 1230 dya-

444 1241 566 1281 bolus
610 1241 724 1282 videt
768 1244 885 1296 quod
926 1245 1111 1297 populus
1144 1246 1194 1284 ad
1229 1245 1527 1285 seduccionem
1561 1246 1674 1285 illam
1708 1256 1768 1286 est

442 1311 628 1363 pronior.
679 1312 745 1352 Sic
791 1313 904 1352 enim
943 1314 1094 1367 legitur
1127 1315 1163 1353 Ι0
1198 1316 1365 1369 Regum
1396 1316 1611 1356 XXVIIIVO
1650 1318 1767 1370 quod

442 1381 540 1421 Saul
566 1382 780 1422 consuluit
815 1384 1097 1436 phitonissam
1131 1399 1211 1438 que
1245 1395 1329 1425 arte
1363 1386 1518 1425 diaboli
1554 1387 1767 1427 suscitavit
1790 1399 1823 1430 15

442 1451 518 1491 sibi
570 1453 801 1506 dyabolum
854 1456 1174 1507 pretendentem
1220 1455 1401 1509 effigiem
1454 1456 1638 1507 Samuel,
1695 1457 1767 1510 qui

443 1521 650 1575 dyabolus
683 1525 838 1563 multas
870 1525 1063 1565 veritates
1106 1526 1390 1576 commiscuit,
1439 1535 1485 1566 ut
1517 1528 1687 1567 Saulem
1724 1529 1766 1567 in

444 1592 788 1645 desperacionem
829 1594 1045 1635 induceret
1078 1605 1117 1635 et
1149 1596 1319 1636 caucius
1352 1595 1394 1635 in
1437 1596 1527 1635 aliis
1560 1598 1767 1637 erroribus

443 1663 660 1703 seduceret
704 1673 801 1717 post
839 1675 879 1705 et
923 1675 1031 1706 ante.
1078 1666 1270 1706 Declarat
1313 1676 1456 1705 autem
1501 1667 1766 1720 Augustinus

442 1732 549 1773 libro
580 1734 635 1773 110
659 1735 719 1773 De
743 1735 1003 1776 Mirabilibus
1027 1736 1148 1776 Sacre
1171 1736 1395 1790 Scripture,
1431 1751 1519 1790 cap.
1543 1738 1616 1789 XO,
1649 1739 1765 1791 quod
1783 1758 1824 1780 πο
1881 1782 1883 1784 ,

443 1802 521 1843 fuit
568 1804 787 1858 dyabolus,
841 1819 927 1845 non
981 1806 1148 1859 spiritus
1200 1806 1420 1855 Samuelis,
1477 1807 1616 1860 primo
1668 1808 1795 1862 quia1

442 1874 594 1913 mulier
625 1883 713 1913 tam
744 1875 925 1915 malifica
957 1890 1043 1916 non
1075 1876 1246 1916 haberet
1277 1886 1361 1916 arte
1395 1876 1547 1917 diaboli
1580 1888 1764 1931 potesta-

442 1953 530 1983 tem
561 1945 612 1983 ad
645 1945 947 1997 imperandum
979 1955 1067 1986 tam
1089 1956 1228 1986 sancte
1253 1947 1414 1999 anime;
1447 1949 1634 1988 secundo
1668 1950 1804 2002 quia2

442 2023 646 2068 tyrannus
679 2015 779 2055 Saul
824 2030 910 2056 non
956 2017 1110 2057 meruit
1154 2026 1316 2057 tantam
1360 2017 1692 2058 illustracionem
1727 2029 1766 2059 et

443 2085 805 2125 ministracionem
839 2100 861 2125 a
901 2087 1016 2126 bono
1064 2087 1212 2140 spiritu
1259 2088 1495 2141 inquietato
1540 2103 1614 2142 per
1658 2091 1765 2130 duos
1783 2099 1822 2132 25

442 2154 638 2195 hommes
661 2164 748 2195 tam
771 2157 983 2211 indignos,
1018 2166 1057 2197 et
1086 2158 1216 2197 tercio
1247 2157 1347 2212 quia
1370 2158 1468 2198 dicit
1489 2159 1556 2198 ille
1575 2159 1764 2212 spiritus:
1781 2171 1806 2203 3

449 2226 559 2265 Cras
593 2232 638 2265 tu
672 2232 711 2265 et
727 2227 818 2280 filii
850 2228 913 2267 tui
945 2241 1109 2267 mecum
1144 2228 1274 2268 eritis.
1314 2228 1413 2268 Saul
1447 2237 1588 2268 autem
1622 2238 1661 2269 et
1693 2229 1765 2268 filii

444 2295 532 2335 eius
566 2296 793 2335 creduntur
825 2296 951 2336 fuisse
991 2297 1155 2351 reprobi
1203 2307 1243 2337 et
1282 2297 1338 2337 sic
1380 2312 1476 2338 cum
1517 2298 1687 2338 diabolo
1728 2309 1767 2339 et

444 2378 529 2403 non
565 2379 664 2406 cum
696 2366 843 2419 spiritu
871 2367 1091 2407 Samuelis.
1127 2368 1207 2407 Ista
1229 2377 1403 2407 movent
1435 2368 1547 2408 hunc
1571 2378 1765 2409 sanctum

498 2558 538 2577 ιο.
560 2552 587 2578 Α
609 2551 638 2578 in
667 2558 781 2586 marg.:
812 2552 963 2580 Diabolus
991 2561 1064 2588 sepe
1090 2553 1211 2580 seducit
1238 2552 1382 2580 homines
1409 2561 1462 2588 per
1482 2561 1615 2589 corpora
1647 2560 1765 2582 mortu-

444 2605 536 2624 orum
569 2602 597 2624 et
631 2598 668 2624 de
701 2597 858 2631 Samuele,
891 2607 928 2626 an
963 2600 1030 2634 lpse
1061 2599 1171 2626 suisset
1202 2601 1370 2627 suscitatus
1392 2600 1511 2634 (Above
1533 2600 1598 2635 193¹·
1635 2601 1766 2628 without

445 2644 530 2671 mark
562 2644 595 2671 of
620 2644 796 2679 reference).
943 2646 982 2672 Μ’).
1004 2647 1032 2673 Α
1054 2646 1110 2680 A,:
1143 2646 1330 2681 pretendem.
1475 2654 1521 2673 20.
1550 2646 1571 2672 ss
1594 2647 1622 2674 in
1647 2655 1764 2682 marg:

444 2691 524 2718 Nota
545 2692 718 2718 secundum
740 2692 956 2726 Augus-tinum
987 2693 1070 2728 quod
1106 2693 1278 2727 phitonissa
1303 2693 1463 2720 suscitavit
1483 2693 1644 2721 diabolum
1669 2695 1765 2722 Sauli.

445 2745 484 2765 21.
506 2738 534 2765 Α
555 2737 586 2765 in
607 2745 726 2772 marg.:
755 2736 901 2772 Samuet;
926 2739 1007 2766 ibid:
1037 2740 1246 2774 Augustinus.

504 2877 557 2900 21.
572 2870 662 2912 Aug.
677 2869 770 2911 Opp.
785 2876 871 2901 tom.
889 2870 947 2908 ΙΙΙ,
963 2880 1042 2913 pars
1057 2870 1095 2907 11,
1112 2880 1189 2913 pag.
1214 2870 1252 2902 18
1274 2870 1498 2913 Appendicis.
1569 2881 1619 2914 27.
1640 2872 1661 2902 Ι.
1679 2871 1763 2912 Reg.

444 2926 594 2966 XXVIII,
623 2937 673 2970 19.
