2045 3312
160 257 237 311 576

169 381 236 409 The
257 387 363 416 power
382 381 417 408 of

152 417 331 444 absolution
371 416 428 443 im-

154 452 231 485 plies
252 452 302 479 the
323 459 430 486 power

165 487 200 514 of
217 487 412 522 indulgence.

148 1645 217 1673 The
247 1647 322 1682 laity
355 1654 425 1682 may

149 1683 217 1715 give
240 1683 426 1716 indulgence

167 1722 198 1744 to
220 1718 270 1744 the
291 1718 404 1752 clergy.

895 264 1121 297 JOHANNIS
1147 265 1343 298 WYCLIF.
1534 254 1639 312 [CAP.
1662 265 1771 294 xxiii.

505 369 599 407 Non
634 381 734 420 ergo
758 370 968 422 sequitur:
996 371 1182 409 Ecclesia
1206 384 1289 410 non
1315 372 1500 411 decrevit
1525 373 1596 412 tali
1619 383 1768 413 curato
1789 385 1922 419 206012

443 438 661 478 licenciam
698 439 961 491 indulgendi,
996 453 1097 492 ergo
1122 454 1206 479 non
1241 441 1369 481 habet
1400 442 1634 495 licenciam,
1669 444 1768 497 quia

443 518 543 548 tunc
579 522 802 562 nunquam
836 510 1065 562 incepisset
1098 511 1274 550 ecclesia
1308 511 1464 551 habere
1489 513 1617 552 talem
1640 513 1767 553 licen-

444 579 572 630 ciam3
614 580 809 619 similiter
852 581 1034 633 quilibet
1067 581 1228 620 habens
1269 582 1489 622 licenciam
1521 583 1766 622 absolvendi

442 649 569 688 habet
602 650 822 689 licenciam
858 651 1153 691 commutandi
1186 665 1338 704 penam
1375 654 1656 706 temporalem
1689 666 1803 706 pro5

442 732 549 772 pena
574 729 779 773 perpetua
814 734 942 774 quam
980 721 1186 762 confitens
1213 723 1333 762 aliter
1363 732 1658 776 supportaret,
1694 724 1764 763 sed

442 803 538 829 cum
574 791 654 829 hoc
686 791 739 830 sit
763 792 1000 843 indulgere,
1026 791 1195 832 videtur
1219 793 1335 846 quod
1361 794 1544 847 quilibet
1567 794 1766 834 sacerdos

442 860 571 899 habet
595 859 809 900 infinitam
834 861 1077 913 potenciam
1103 862 1367 915 indulgendi.
1394 864 1490 903 Non
1517 863 1631 902 enim
1652 863 1766 903 vide-

441 938 510 970 tur
557 931 669 970 racio
715 931 817 983 quin
866 931 906 970 in
950 931 1042 971 foro
1089 932 1329 984 penitencie
1363 933 1616 974 abscondito
1658 933 1767 973 fiunt

441 1002 725 1054 indulgencie,
772 1002 882 1041 sicut
931 1000 1041 1041 fiunt
1089 1011 1207 1042 extra
1256 1003 1295 1042 in
1344 1002 1437 1043 foro
1478 1004 1641 1044 arbitrii
1692 1018 1826 1058 per10

442 1073 576 1112 bullas
611 1072 780 1125 publice
813 1072 1087 1125 proclamate.
1115 1073 1201 1112 Nec
1226 1082 1287 1113 est
1312 1075 1425 1113 racio
1459 1075 1561 1128 quin
1597 1083 1763 1114 tantum

439 1144 620 1195 valeant,
644 1156 739 1182 cum
764 1142 873 1182 fiunt
906 1143 1123 1197 utrimque
1148 1143 1364 1195 devocius,
1390 1144 1592 1184 humilius
1617 1137 1657 1185 et
1680 1146 1762 1197 legi

442 1213 600 1253 Christi
637 1213 923 1264 conformius,
971 1214 1196 1253 absolvens
1243 1228 1344 1267 ergo
1391 1224 1531 1267 preest
1577 1215 1764 1266 ecclesie,

441 1293 480 1323 ct
513 1284 564 1323 ad
598 1283 824 1323 utilitatem
858 1283 1031 1322 ecclesie
1056 1284 1239 1324 intendit
1261 1284 1489 1324 efficaciter
1512 1285 1628 1338 quod
1655 1294 1765 1324 certa

441 1368 622 1407 persona
654 1354 808 1393 habeat
842 1354 1137 1394 remissionem
1163 1355 1338 1407 grandis
1376 1355 1507 1394 debiti
1534 1368 1611 1408 pro
1635 1369 1765 1409 parva
1788 1367 1822 1399 15

439 1424 744 1464 satisfaccione.
789 1425 856 1464 Sic
890 1425 1002 1464 enim
1043 1434 1183 1477 potest
1230 1426 1450 1478 diaconus,
1497 1425 1562 1464 vel
1602 1425 1764 1478 legatus

438 1495 674 1535 secundum
710 1503 968 1548 potestatem
1014 1495 1325 1536 iurisdiccionis
1368 1509 1451 1549 que
1493 1506 1555 1536 est
1589 1495 1765 1536 inferior

442 1574 656 1618 potestate
691 1565 854 1604 ordinis
889 1565 1071 1605 subditis
1106 1565 1342 1618 indulgere.

501 1637 554 1676 Et
588 1650 636 1675 ex
668 1636 758 1675 istis
792 1636 924 1675 tercio
959 1635 1128 1674 videtur
1161 1636 1277 1688 quod
1313 1635 1493 1689 quilibet
1526 1637 1576 1675 de
1603 1637 1814 1689 populoQ

443 1716 583 1760 potest
616 1707 836 1758 indulgere
871 1719 950 1745 suo
990 1706 1169 1758 prela10‚
1210 1707 1310 1759 quia
1352 1706 1493 1745 debita
1526 1707 1761 1758 largissima
1784 1728 1824 1749 20

442 1778 519 1816 sibi
554 1777 783 1828 dimittere,
819 1786 859 1815 et
895 1776 974 1815 hoc
1008 1785 1069 1815 est
1093 1776 1331 1815 secundum
1356 1777 1533 1815 modum
1559 1776 1762 1829 loquendi

442 1851 648 1901 scripture
673 1847 907 1899 indulgere.
936 1848 1042 1886 Nam
1069 1847 1178 1886 sicut
1201 1847 1423 1899 apostolus
1455 1847 1556 1886 dicit
1582 1847 1707 1887 Rom.
1735 1847 1762 1899 l,

449 1931 510 1970 14,
552 1918 668 1971 quod
709 1916 857 1956 Grecis
890 1917 958 1956 vel
991 1916 1155 1957 Latinis
1187 1923 1249 1956 est
1280 1915 1456 1968 debitor,
1496 1916 1553 1956 ita
1594 1917 1764 1956 videtur

441 1989 556 2041 quod
604 1988 805 2027 dominus
854 2000 963 2040 papa
996 1987 1049 2026 sit
1090 1987 1257 2026 debitor
1302 1986 1353 2025 ad
1399 1986 1672 2026 serviendum
1723 1996 1764 2027 et

444 2059 724 2113 spiritualiter
760 2056 1073 2111 proficiendum
1107 2057 1281 2096 cuilibet
1305 2056 1551 2110 christiano,
1585 2066 1626 2096 et
1659 2058 1761 2097 illud
1780 2067 1819 2099 25

443 2131 634 2170 debitum
670 2129 840 2168 videtur
874 2141 924 2167 eo
958 2128 1094 2167 maius
1129 2128 1244 2181 quod
1278 2127 1393 2166 Deus
1426 2128 1475 2166 ad
1502 2127 1581 2166 hoc
1604 2127 1765 2181 obligat

442 2201 519 2241 sub
565 2214 673 2253 pena
713 2199 980 2251 gravissima,
1031 2206 1072 2237 et
1120 2198 1223 2237 illud
1272 2198 1388 2250 quod
1437 2197 1616 2237 debetur
1656 2197 1764 2237 foret

442 2271 675 2324 preciosius
710 2270 855 2309 debito
889 2269 1113 2321 corporali.
1181 2268 1221 2308 Si
1257 2268 1386 2320 igitur
1427 2268 1492 2307 ille
1536 2277 1676 2322 potest
1720 2269 1762 2308 in

442 2342 587 2380 debito
621 2341 701 2380 isto
731 2339 925 2390 deficere,
950 2348 989 2378 et
1015 2337 1213 2378 Christus
1239 2339 1362 2378 docet
1388 2338 1564 2377 Matthei
1591 2338 1660 2387 VI,
1694 2349 1760 2378 12:

444 2411 618 2450 Dimitte
656 2410 773 2449 nobis
811 2409 950 2449 debita
984 2416 1146 2457 nostra,
1177 2408 1287 2447 sicut
1318 2414 1357 2447 et
1397 2421 1472 2447 nos
1512 2407 1762 2447 dimittimus
1779 2416 1820 2448 30

441 2481 700 2522 debitoribus
725 2480 896 2528 nostris,
922 2479 1092 2519 videtur
1115 2480 1230 2532 quod
1248 2479 1407 2518 subditi
1432 2487 1613 2530 possunt
1629 2478 1758 2517 eciam

444 2566 551 2605 pape
577 2551 792 2604 copiosius
824 2550 1058 2601 indulgere.
1093 2550 1252 2589 Ymmo
1275 2549 1446 2588 videtur
1471 2549 1586 2602 quod
1613 2549 1759 2601 prelati

444 2622 625 2661 maxime
666 2621 857 2673 indigent
896 2619 1178 2671 indulgenciis
1212 2620 1447 2672 laycorum,
1494 2631 1568 2658 nec
1603 2628 1664 2658 est
1698 2618 1758 2657 in-

444 2692 664 2743 dulgencia
691 2700 855 2730 tantum
882 2698 1210 2739 sacramentum,
1233 2689 1334 2741 quin
1359 2689 1472 2727 laicis
1497 2689 1628 2740 possit
1645 2701 1760 2727 com-

495 2873 519 2901 3.
543 2874 580 2900 ss:
604 2874 777 2901 ecclesiam.
934 2882 972 2910 ¹7-
994 2874 1033 2901 B:
1055 2873 1284 2901 iurediccionis.
1440 2879 1483 2899 22.
1505 2871 1552 2899 Ad
1573 2871 1663 2899 Rom.
1685 2871 1706 2907 l,
1728 2879 1760 2905 ¹4

443 2920 552 2948 Grecis
573 2928 608 2947 ac
631 2920 784 2948 barbaris.
911 2921 957 2954 34.
979 2925 1077 2948 totum
1100 2925 1340 2947 sacramentum.

2036 3136 2045 3150 ι
2038 3052 2045 3126 ..μλ-
