2045 3312
249 254 337 283 CAP.
361 243 459 302 xxi]
748 258 807 290 DE
833 257 1070 290 ECCLESIA.
1775 246 1853 286 515

95 373 125 406 Τ
152 371 231 417 κμγ’
249 364 512 404 attendimus
544 363 597 402 ad
630 363 730 403 folia
763 377 894 417 quam
927 363 979 403 ad
1016 362 1179 403 fructus
1214 364 1400 404 creditur
1429 362 1564 403 facere

249 434 290 473 in
325 434 459 474 oculis
493 434 570 473 Dei
603 442 868 473 sacramenta
901 442 1044 474 nostra
1077 433 1292 474 vilescere.

197 513 233 547 U
307 503 375 544 Sic
409 504 522 544 enim
561 503 640 544 fuit
674 512 868 557 tempore
902 504 1154 544 cessacionis
1186 504 1384 557 legalium
1421 503 1563 544 multi·
1614 510 1822 573 wiississse‘rmt‘iie

248 574 416 627 pliciter
449 575 599 614 ritibus
633 574 885 615 humanitus
919 574 1173 627 adinventis,
1208 584 1248 614 et
1281 584 1398 627 patet
1421 573 1487 613 via
1512 573 1565 613 ad
1591 580 1846 652 οὲεῐὶῖιὶῐιῑειέῐίῒεὲτοιῐῐῖὶεξιε

212 645 498 686 §solvendum
528 644 824 685 difficultatem
852 659 935 699 qua
959 645 1154 699 queritur
1177 653 1339 696 utrum,
1369 644 1564 698 dyacono
1596 650 1827 721 tlffitgfflgpegs

247 715 476 768 recipiente
509 716 561 754 ab
597 715 803 769 episcopo
828 724 1085 769 potestatem
1120 714 1371 755 absolvendi
1405 723 1445 754 et
1478 727 1563 754 non
1579 721 1855 784 btehfgrglofirrjiisshgpg

244 785 498 826 conficiendi
527 787 592 826 vel
626 796 798 827 econtra
833 801 908 840 per
941 795 1127 826 mortem
1161 795 1233 827 aut
1266 785 1562 826 infirmitatem
1619 791 1818 819 commision-

243 855 431 909 episcopi
455 857 518 898 vel
550 870 721 897 causam
754 857 895 909 aliam,
929 866 1074 897 utrum
1109 856 1162 897 sit
1193 857 1318 910 plene
1350 856 1560 897 sacerdos.

243 926 409 966 Dicitur
468 927 580 967 enim
643 928 932 968 communiter
990 927 1107 981 quod
1161 941 1244 967 non
1300 925 1563 980 imprimitur

187 1015 225 1036 10
243 1006 428 1037 caracter
486 998 716 1038 sacerdocii
771 1008 868 1038 ante
928 998 1267 1052 complecionem
1330 999 1562 1037 verborum

241 1069 632 1121 sacramentalium,
684 1069 758 1109 sed
809 1070 964 1109 veritas
1023 1078 1084 1109 est
1141 1069 1256 1123 quod
1315 1069 1562 1121 ignoramus
1621 1072 1678 1101 We
1699 1073 1738 1101 do
1759 1078 1813 1101 not

1577 1108 1671 1136 know
1691 1109 1765 1136 how
1793 1109 1853 1136 and

242 1138 415 1191 quando
475 1148 514 1178 et
574 1139 761 1193 qualiter
813 1139 928 1179 Deus
987 1140 1197 1193 imprimit
1255 1139 1562 1178 sacerdotalem
1608 1144 1824 1215 iglgffitffigle

242 1218 499 1249 caracterem
552 1223 627 1248 nec
678 1210 837 1250 habent
884 1210 1101 1250 evidencie
1147 1209 1257 1250 facte
1303 1222 1351 1249 ex
1396 1209 1562 1261 legibus
1630 1214 1790 1278 ciffiffiilei

241 1279 415 1320 ecclesie
439 1289 479 1320 et
498 1281 709 1333 scriptura
725 1281 792 1320 vix
817 1281 1019 1320 corticem
1036 1280 1190 1320 coloris
1210 1283 1276 1335 (ut
1295 1289 1411 1333 patet
1427 1276 1560 1333 alibi).
1607 1284 1760 1348 ἐῑθῐκῐζῖυἷίἒ
1776 1285 1818 1347 ἒξ

186 1356 221 1389 15
300 1350 360 1389 Ex
389 1350 479 1390 istis
509 1351 641 1390 tercio
664 1360 807 1404 potest
831 1351 1024 1391 convinci
1051 1351 1272 1405 quomodo
1306 1351 1561 1403 interpolata
1588 1355 1838 1419 ffissbrwciiliietilse

241 1420 474 1460 celebracio
497 1421 751 1460 sacramenti
776 1421 937 1461 ordinis
963 1430 1104 1474 potest
1121 1421 1208 1460 sive
1228 1422 1333 1460 bene
1359 1420 1448 1460 fieri
1473 1421 1561 1460 sive
1575 1426 1852 1489 thffailrriiriiy‘inno

240 1491 361 1531 male.
377 1491 486 1530 Nam
503 1491 544 1530 in
561 1491 778 1544 primitiva
795 1491 969 1531 ecclesia
987 1491 1184 1532 Christus
1200 1491 1447 1530 immediate
1462 1490 1561 1530 fecit
1621 1496 1795 1532 Scripture.

239 1562 456 1614 apostolos
481 1575 580 1601 suos
604 1562 860 1612 sacerdotes,
886 1563 966 1601 hoc
1001 1571 1076 1614 est,
1110 1563 1351 1615 episcopos,
1388 1571 1428 1601 et
1463 1570 1560 1615 post

239 1631 532 1671 ascensionem
566 1641 759 1686 tempore
783 1633 1082 1685 apostolorum
1107 1633 1422 1672 constituerunt
1457 1632 1558 1686 dya-

182 1718 223 1739 20
240 1715 384 1753 conos,
417 1715 491 1741 nec
523 1702 626 1741 alios
657 1703 828 1742 ordines
852 1703 990 1743 clerici
1015 1716 1208 1743 seorsum
1243 1702 1455 1742 exhibitos
1478 1703 1559 1755 legi

237 1772 327 1811 illas
352 1772 604 1824 columpnas
628 1772 800 1812 ecclesie
825 1773 1072 1813 celebrasse.
1094 1773 1147 1812 Et
1169 1773 1285 1812 Deus
1310 1773 1386 1813 scit
1412 1782 1558 1812 utrum

239 1842 344 1881 ritus
378 1842 446 1882 ille
479 1842 587 1882 foret
627 1843 754 1882 hodie
786 1843 1066 1896 solempnior,
1101 1843 1265 1883 facilior
1309 1852 1349 1882 et
1386 1843 1559 1882 ecclesie

241 1911 568 1952 Christiutilior.
587 1912 745 1952 Omnia
762 1914 874 1952 enim
897 1927 978 1966 que
1002 1913 1164 1953 faciunt
1186 1913 1324 1953 clerici
1346 1912 1558 1952 inferioris

239 1983 399 2022 ordinis
425 1993 604 2036 possunt
628 1983 764 2022 clerici
789 1997 837 2022 ex
861 1984 901 2023 vi
926 1984 1149 2037 potestatis
1174 1983 1448 2024 sacerdotalis
1464 1996 1557 2036 per-

183 2056 222 2089 25
238 2051 363 2092 ficere
397 2062 437 2092 et
470 2067 492 2092 a
521 2054 730 2107 probabili
754 2053 970 2094 efficacius
994 2065 1033 2095 et
1057 2054 1262 2094 humilius
1287 2068 1418 2108 quam
1450 2052 1559 2093 fiunt

239 2123 382 2163 modo,
405 2122 602 2163 Christus
627 2124 739 2163 enim
763 2137 957 2163 summus
981 2125 1179 2165 sacerdos
1203 2125 1391 2164 exercuit
1414 2124 1560 2163 omnia

238 2193 317 2233 ista
350 2193 492 2233 officia
528 2192 593 2248 (ut
625 2194 726 2233 alias
762 2192 1015 2249 explanavi).

298 2263 396 2302 Ideo
430 2264 563 2303 videri
597 2273 742 2317 posset
771 2265 890 2318 quod
922 2265 1032 2305 foret
1065 2266 1117 2304 ad
1151 2266 1403 2305 alleviamen
1429 2266 1559 2305 eccle·
1611 2276 1689 2305 This
1708 2279 1815 2306 would

239 2333 297 2373 sie
330 2347 415 2373 non
456 2334 610 2373 habere
650 2344 713 2374 tot
747 2335 853 2376 ritus
898 2338 1225 2376 sacramentales
1260 2346 1300 2376 et
1339 2346 1402 2377 tot
1445 2337 1559 2389 leges
1592 2314 1826 2376 sssgffiftcgobteh?

182 2405 223 2437 30
241 2404 290 2442 de
324 2404 484 2443 clericis
517 2405 723 2444 ordinatis
758 2419 832 2457 per
864 2407 1035 2456 saltum,
1070 2420 1167 2446 cum
1198 2407 1277 2446 hoc
1308 2407 1425 2460 quod
1450 2407 1560 2446 foret
1575 2382 1849 2457 Ciiiusifsspisyiriasse

240 2474 412 2513 ecclesie
459 2473 673 2514 efficacius
720 2485 760 2514 et
808 2476 980 2515 brevius
1027 2476 1334 2518 ministratum.
1382 2478 1443 2516 Ex
1476 2477 1558 2516 alio
1584 2454 1840 2524 hostiiietr'i'vi'sffge

238 2552 382 2583 autem
420 2544 549 2584 latere
588 2554 731 2598 posset
772 2546 1019 2598 contingere
1056 2547 1173 2600 quod
1210 2547 1399 2600 episcopi
1439 2556 1555 2599 post-

241 2614 380 2666 posito
419 2613 528 2653 fastu
572 2615 622 2653 de
662 2615 913 2655 excellencia
948 2617 1010 2655 sui
1045 2617 1208 2656 ordinis
1243 2626 1283 2656 et
1323 2618 1557 2670 cupiditate

239 2693 412 2736 questus
458 2685 509 2723 de
555 2698 629 2723 sua
662 2686 976 2738 preeminencia
1022 2696 1062 2725 et
1107 2688 1357 2727 necessitate
1403 2688 1455 2725 ad
1497 2701 1557 2725 re-

292 2809 315 2836 3.
337 2810 365 2836 A
386 2810 414 2836 in
437 2817 551 2844 marg:
574 2809 717 2845 Questio.
862 2820 903 2845 ¹4-
925 2812 965 2839 B:
986 2814 1134 2841 corticem
1155 2813 1309 2841 colorum.
1419 2812 1457 2839 15.
1479 2813 1507 2840 A
1528 2812 1558 2838 in

240 2863 354 2890 marg:
376 2855 489 2883 Tereia
510 2856 681 2884 conclusio.
791 2858 834 2886 25.
858 2859 904 2885 26.
928 2860 965 2886 ss:
988 2860 1044 2888 fuit
1058 2862 1164 2888 modo.
1275 2860 1313 2888 31.
1336 2863 1363 2888 Α
1380 2861 1435 2894 Al:
1466 2859 1557 2887 mini-

239 2902 379 2930 sterium.
521 2903 564 2931 32.
585 2906 629 2931 A:
650 2906 862 2939 continguere.

1376 2955 1441 2988 33³*
