2045 3312
225 239 379 297 CAP.11.]
734 251 793 282 DE
820 249 1056 282 ECCLEsrA.

69 375 111 409 M
133 368 299 410 133⁰esl‚
345 362 386 400 in
426 358 605 400 ecclesia
645 363 683 397 et
713 355 954 409 palliantes
986 368 1011 394 a
1044 356 1182 407 capite
1227 368 1311 395 non
1353 355 1553 395 recedere

224 438 376 473 contra
407 434 538 482 caput
559 428 760 468 sentiunt.
795 426 990 466 Heretici
1012 424 1148 478 inquit
1171 437 1265 464 cum
1291 431 1388 464 ante
1410 425 1550 466 credi-

223 502 365 542 derint
394 499 626 552 scripturis
653 511 734 552 que
766 510 791 536 a
824 497 979 549 spiritu
1011 501 1161 535 sancto
1194 496 1354 548 scripte
1384 502 1486 535 sunt
1517 502 1554 535 et

224 572 344 619 edite,
387 569 667 624 transferunt
700 581 746 608 se
778 567 836 607 ad
870 579 1003 606 novas
1036 565 1258 606 doctrinas
1291 571 1329 604 et
1348 565 1551 620 fermen-

131 649 308 687 133⁶¹tum
326 641 632 695 phariseorum
657 637 680 661 ³²
705 644 744 677 et
766 636 971 677 mandata
994 636 1227 683 hominum,
1252 635 1440 689 dumque
1462 649 1551 676 ser-

223 725 388 752 monem
412 710 497 750 Dei
518 714 832 760 contempnunt,
866 708 1014 747 socrui
1035 719 1111 747 sue
1123 705 1308 760 faciunt
1329 707 1550 746 iniuriam.

283 781 475 822 Christus
494 794 593 834 ergo
612 793 660 820 ex
675 779 760 819 vita
776 787 815 818 et
832 777 1021 818 doctrina
1035 776 1150 816 venit
1167 776 1382 816 confutare
1402 776 1553 817 hereti-

225 867 308 905 cos,
323 861 369 892 ut
387 851 676 891 discernantur
689 863 712 889 a
726 848 921 888 fidelibus
939 857 978 888 et
995 847 1273 901 postmodum
1297 856 1553 900 separentur.

225 924 277 963 Et
308 922 364 962 ita
397 920 602 961 subtiliter
634 929 673 960 et
706 918 909 959 catholice
941 927 1081 972 potest
1114 917 1290 970 intelligi
1319 918 1555 957 secundum

171 1015 209 1038 10
224 993 338 1033 hunc
363 1000 558 1032 sanctum
579 1004 653 1044 per
675 989 825 1041 filium,
858 987 988 1028 filiam
1011 997 1050 1028 et
1071 1002 1229 1028 nurum
1251 987 1458 1027 hereticus
1483 988 1553 1042 qui

224 1071 417 1117 pretense
450 1070 489 1101 et
522 1060 622 1100 false
656 1074 697 1100 se
730 1059 924 1100 nominat
961 1058 1097 1098 filium
1129 1058 1206 1098 Dei
1239 1057 1382 1111 patris,
1424 1057 1555 1098 filiam

224 1132 368 1173 matris
391 1145 478 1183 sue,
509 1130 717 1184 sapiencie
739 1129 815 1169 Dei
838 1129 965 1182 patris
990 1138 1029 1168 et
1051 1141 1208 1168 nurum
1230 1127 1400 1181 spiritus
1424 1128 1555 1168 sancti

1782 252 1831 290 41

226 1212 264 1243 et
283 1202 339 1242 sic
357 1201 706 1253 cognatissimum
726 1200 913 1240 trinitati.
934 1200 1015 1240 Sed
1028 1199 1112 1239 vita
1135 1208 1174 1239 et
1194 1198 1384 1239 doctrina
1399 1197 1554 1238 Christi
1594 1205 1663 1234 The
1684 1206 1734 1234 life
1755 1206 1816 1233 and

1609 1242 1754 1277 reaching
1775 1241 1810 1268 of

226 1282 323 1314 sunt
345 1272 558 1326 optimum
582 1271 816 1324 speculum,
848 1270 918 1310 ubi
941 1278 1122 1324 possunt
1144 1269 1219 1309 hec
1242 1269 1433 1319 discerni,
1457 1282 1555 1308 cum
1570 1276 1847 1348 ffilggisstbgtufvhpgfi

1543 1338 1551 1345 ο
1569 1332 1585 1347 Γ)
1656 1333 1662 1346 9

174 1343 500 1389 15manifestum
531 1342 583 1382 sit
616 1342 731 1396 quod
764 1340 902 1381 omnis
946 1340 1078 1380 homo
1112 1349 1151 1380 et
1184 1340 1324 1380 solum
1357 1339 1449 1380 talis
1482 1348 1702 1393 quineretics
1723 1355 1793 1380 may
1809 1347 1847 1374 be

227 1423 287 1454 est
320 1414 361 1452 in
392 1413 477 1453 vita
509 1421 548 1452 et
572 1411 760 1452 doctrina
784 1411 953 1451 Christo
979 1410 1212 1451 contrarius
1237 1419 1297 1451 est
1330 1410 1552 1460 hereticus,

227 1493 266 1524 et
298 1483 437 1523 omnis
470 1482 719 1522 christianus
753 1490 792 1522 et
825 1481 965 1522 solum
997 1481 1090 1521 talis
1124 1481 1197 1534 qui
1230 1489 1292 1521 est
1325 1480 1366 1519 in
1400 1480 1484 1520 vita
1516 1488 1555 1519 et

227 1553 417 1594 doctrina
449 1552 618 1594 Christo
652 1551 880 1592 conformis
920 1560 981 1598 est
1013 1560 1059 1592 ut
1091 1551 1147 1591 sic
1180 1551 1231 1590 ab
1263 1550 1399 1590 heresi
1432 1550 1550 1590 elon-

227 1634 361 1678 gatus.
396 1623 587 1665 Christus
622 1636 720 1677 ergo
753 1623 867 1662 venit
899 1636 986 1662 non
1019 1623 1070 1662 ad
1104 1621 1346 1661 faciendum
1372 1620 1555 1674 primam

171 1718 212 1740 20
227 1694 541 1748 separacionem
574 1707 654 1747 que
700 1703 761 1733 est
792 1692 963 1746 proprie
1007 1706 1080 1746 per
1112 1700 1348 1746 peccatum,
1399 1692 1471 1731 sed
1503 1691 1555 1730 ad

226 1765 467 1806 faciendum
489 1772 750 1818 sequentem,
777 1773 819 1803 ut
849 1776 923 1817 per
947 1777 1046 1803 eum
1073 1762 1361 1803 discernantur
1384 1761 1554 1801 heretici

227 1846 266 1876 et
298 1837 348 1876 ab
382 1835 554 1875 ecclesia
587 1843 842 1888 separentur.
889 1834 943 1874 Et
974 1833 1050 1873 hec
1084 1833 1194 1873 racio
1229 1846 1355 1887 quare
1390 1841 1556 1885 oportet

228 1920 403 1946 omnem
436 1904 692 1945 catholicum
725 1917 978 1958 cognoscere
1012 1903 1262 1956 scripturam
1295 1916 1466 1944 sacram.
1501 1903 1554 1941 Et

229 1985 363 2017 certus
408 1989 504 2016 sum
548 1975 677 2029 quod,
721 1974 817 2014 licet
863 1973 1011 2028 prelati
1043 1973 1175 2013 nostri
1214 1973 1351 2026 ipsam
1384 1981 1423 2012 et
1455 1986 1554 2025 pro-

169 2058 210 2090 25
226 2046 404 2087 fessores
429 2060 528 2086 suos
544 2045 748 2099 dissipant
771 2053 809 2085 et
833 2044 1096 2095 conculcant,
1118 2043 1278 2097 lapides
1298 2043 1555 2094 clamabunt,

227 2117 308 2157 hoc
341 2126 415 2169 est,
449 2116 655 2157 seculares
688 2114 850 2155 domini
882 2114 924 2153 in
950 2128 1074 2154 sensu
1109 2114 1309 2167 scripture
1332 2127 1356 2152 a
1378 2112 1555 2152 domino

226 2187 423 2229 illustrati
469 2186 695 2227 defendent
744 2185 873 2225 fidem
914 2184 1178 2236 catholicam,
1227 2183 1325 2238 quia
1376 2182 1556 2237 pharisei

228 2259 418 2299 volentes
462 2256 660 2297 obturare
705 2269 777 2296 ora
810 2255 1118 2309 discipulorum
1151 2253 1402 2307 scripturam
1433 2253 1557 2293 istam

228 2327 529 2369 confitencium
547 2326 770 2366 audierunt
788 2326 980 2366 divinum
1001 2334 1274 2378 responsum:
1293 2325 1401 2363 Dico
1424 2323 1556 2374 vobis,

173 2407 215 2440 30
229 2400 329 2453 quia
353 2399 390 2438 si
412 2399 470 2438 lzii
493 2398 710 2438 tacuerint
732 2397 899 2450 lapides
921 2396 1185 2445 clamabunt,
1211 2396 1324 2435 Luce
1339 2395 1555 2446 XIX0,40.

230 2470 431 2523 Magnam
463 2467 575 2508 enim
606 2467 694 2507 vim
725 2467 851 2507 habet
882 2466 1032 2507 veritas
1065 2466 1379 2520 scripturarum.

289 2638 310 2658 1.
323 2630 356 2657 In
370 2628 462 2656 codd.
474 2628 564 2656 false:
585 2628 645 2655 hoc
656 2633 702 2655 est
716 2627 857 2655 ecclesia.
971 2636 1000 2660 4.
1015 2627 1052 2653 B:
1069 2625 1312 2660 transferuntur3
1334 2625 1376 2653 ibi
1400 2625 1429 2652 in
1447 2625 1556 2654 codd:

231 2685 303 2705 ecce
318 2675 516 2704 transferunt.
615 2683 645 2710 9.
665 2674 706 2701 B:
728 2678 858 2709 possunt
879 2673 1018 2708 intelligi.
1105 2680 1142 2700 12.
1166 2671 1186 2699 Β
1209 2673 1238 2699 in
1260 2680 1364 2707 marg:
1387 2672 1556 2707 Quomodo

230 2723 384 2751 hereticus
405 2728 450 2750 est
471 2722 552 2750 filius
573 2722 681 2750 matris
703 2730 757 2749 sue
779 2720 935 2757 sapiencie
957 2720 1012 2748 Dei
1034 2720 1140 2756 patris.
1234 2720 1269 2747 13.
1292 2719 1330 2746 ss:
1352 2718 1413 2747 Sed
1435 2724 1464 2746 et
1483 2718 1554 2746 vita.

231 2778 275 2803 14.
296 2770 394 2805 AA1:
426 2769 479 2797 ubi
500 2773 646 2805 poterunt
666 2768 810 2796 discerni.
833 2767 894 2795 AB
916 2768 946 2795 in
967 2775 1069 2802 marg:
1099 2766 1281 2794 Conclusio.
1424 2766 1464 2792 ιδ.
1487 2765 1508 2792 Β
1530 2765 1558 2792 in

230 2824 333 2852 marg:
353 2815 449 2844 Nota:
471 2816 545 2852 quid
566 2820 611 2843 est
630 2815 785 2843 hereticus
888 2822 927 2842 21.
944 2814 965 2841 Β
986 2814 1017 2842 in
1038 2822 1127 2849 marg
1147 2813 1197 2847 (ad
1219 2813 1315 2848 prior.
1335 2813 1390 2839 loc.
1415 2812 1557 2847 pertinet)

229 2862 316 2890 Tulit
335 2871 385 2891 me
405 2868 503 2891 mater
522 2870 591 2890 mea
605 2863 635 2890 in
651 2870 712 2890 uno
728 2862 913 2898 capillorum
929 2869 1083 2889 meorum.
1192 2868 1237 2895 27.
1259 2859 1301 2886 B:
1322 2859 1507 2887 catholicam
1529 2863 1557 2886 et

232 2909 375 2943 pharisei.
482 2908 528 2937 28.
551 2911 596 2937 A:
617 2909 770 2937 abtin-are.
844 2908 890 2937 30.
912 2908 934 2935 B
953 2908 985 2936 in
1006 2915 1108 2942 marg:
1133 2907 1215 2934 Luce
1236 2914 1277 2941 ι).

1623 1382 1797 1410 discerned.
