2045 3312
257 276 346 306 cAv.
371 268 466 317 vni]
765 273 824 305 DE
851 271 1086 304 ECCLESIA.
1808 255 1883 307 ι(59

117 401 135 433 Ι
178 400 254 431 152³
273 386 384 425 enim
409 381 677 438 privilegium
708 391 957 418 concessum
981 375 1224 416 domesticis
1248 388 1334 414 non
1359 384 1418 414 est
1442 383 1594 424 ratum,

273 457 377 496 dum
421 464 563 494 tamen
603 451 653 490 ab
699 448 914 489 essenciali
959 445 1256 501 patrefamilias
1302 445 1596 497 omnipotente

272 536 313 566 et
344 523 620 565 omnisciente
660 519 874 559 indultum
920 531 1007 557 non
1052 516 1177 557 fuerit
1221 525 1261 556 et
1294 524 1469 568 optenta
1509 514 1595 554 eius

271 595 444 636 licencia
477 592 791 633 confirmatum.

216 680 255 713 K
329 667 389 705 Ex
422 664 508 704 istis
542 661 751 716 colligitur
789 660 907 714 quod
940 671 1161 699 summum
1193 655 1458 710 privilegium
1491 668 1593 695 con·
1641 660 1871 723 rTilsieleliggissestt(J

272 749 435 777 cessum
482 731 707 773 christiano
752 744 828 784 pro
868 729 935 768 via
968 728 1074 768 foret
1106 728 1236 782 quod,
1273 725 1596 780 exproprietarie
1610 704 1665 794 stiffi
1687 716 1869 793 {sigge-deq

271 805 466 855 vivendo,
515 802 684 843 Christo
719 800 895 841 similius
944 799 1050 838 foret
1101 798 1285 838 anterior
1328 797 1370 836 in
1416 796 1596 836 exercitu
1668 774 1822 837 Opoverii's·
1856 775 1885 793 m

243 875 512 923 1christiano.
561 873 680 912 Patet
712 871 851 925 primo
885 870 960 910 sic:
995 869 1114 910 quta
1146 868 1391 922 proximum
1425 867 1596 907 corella-

273 946 382 986 rium
405 944 572 984 nullum
604 951 665 982 est
697 940 965 995 privilegium
988 940 1065 978 nisi
1095 952 1346 979 concessum
1368 953 1390 978 a
1414 936 1597 989 Christo,

222 1018 363 1071 ioipse
408 1025 551 1056 autem
598 1026 685 1052 non
730 1020 870 1066 potest
903 1010 1129 1051 concedere
1162 1009 1298 1049 maius
1331 1008 1599 1062 privilegium

275 1100 403 1141 quam
449 1085 543 1138 plus
590 1082 862 1123 assimilando
896 1080 1115 1121 subditum
1147 1079 1224 1119 sibi
1256 1079 1348 1132 ipsi,
1383 1092 1481 1132 ergo
1523 1086 1598 1118 etc,

276 1157 397 1198 Unde
420 1154 594 1194 Matthei
620 1153 789 1214 {VIIIQ
830 1167 861 1201 1,
896 1152 1068 1206 quando
1092 1149 1284 1203 discipuli
1308 1148 1552 1203 quesierunt
1578 1162 1601 1187 a

278 1226 465 1267 Christo:
516 1224 622 1272 Quis
658 1217 793 1276 putas
832 1223 973 1262 maior
1017 1228 1078 1261 est
1111 1222 1152 1260 in
1208 1232 1345 1274 regno
1397 1219 1600 1270 celorum,

278 1298 366 1350 ipse
400 1295 617 1335 advocans
641 1292 881 1346 parvulum
915 1292 1006 1332 sine
1039 1291 1213 1330 malicia
1245 1291 1396 1330 statuit
1428 1303 1523 1330 eum
1558 1289 1598 1328 in

223 1366 417 1407 15medi0
461 1365 636 1405 illorum
677 1363 868 1416 dixitque
901 1375 942 1402 re
982 1370 1021 1402 et
1055 1374 1248 1401 sermone
1280 1360 1397 1414 quod
1431 1359 1504 1412 qui
1545 1359 1600 1398 sic

270 1438 375 1491 plus
397 1451 441 1477 se
464 1435 761 1476 humiliaverit
783 1435 850 1474 liic
874 1434 1012 1472 maior
1036 1439 1097 1473 est
1119 1432 1161 1471 in
1192 1430 1363 1471 ecclesia
1381 1429 1599 1469 militante.

239 1509 395 1559 2Item,
430 1506 667 1560 cuicunque
701 1504 821 1544 militi
855 1517 932 1557 pro
965 1511 1073 1542 statu
1098 1501 1252 1542 milicie
1275 1501 1381 1541 foret
1415 1499 1602 1553 aptacius

278 1579 394 1633 quod
427 1586 611 1617 armatus
644 1575 864 1616 decencius
899 1583 937 1614 et
969 1573 1137 1614 adiutus
1170 1571 1391 1626 specialius
1420 1578 1604 1624 ponatur

279 1650 320 1688 in
365 1649 450 1689 acie
496 1647 606 1699 belli,
640 1647 711 1686 ubi
745 1645 900 1686 forcior
933 1654 992 1684 est
1025 1643 1261 1694 conflictus,
1295 1642 1338 1681 in
1370 1642 1451 1682 hoc
1491 1641 1604 1681 enim

223 1734 264 1755 ευ
280 1719 470 1760 consistit
494 1717 683 1757 militaris
706 1716 941 1756 strenuitas
971 1715 1053 1755 Sed
1080 1723 1125 1754 ut
1149 1713 1299 1753 dicitur
1322 1713 1398 1752 Job
1422 1712 1534 1763 V110‚
1566 1721 1602 1750 1:

218 1806 220 1808 ·
279 1790 448 1829 Milicia
482 1795 541 1828 est
572 1794 658 1828 tota
693 1788 778 1828 vita
810 1786 997 1826 hominis
1029 1797 1163 1837 super
1197 1790 1376 1831 terram,
1411 1792 1451 1822 et
1489 1782 1604 1821 iuxta

280 1859 538 1913 Apostolum
571 1858 678 1911 Eph.
712 1858 802 1909 VIO,
859 1866 928 1896 12:
966 1856 1061 1894 Non
1096 1861 1159 1895 est
1198 1854 1320 1893 nobis
1351 1852 1604 1892 colluctacio

281 1929 489 1969 aduersus
533 1941 707 1968 carnem
748 1933 786 1967 et
823 1926 1098 1980 sanguinem,
1131 1925 1208 1964 sed
1245 1924 1454 1963 adversus
1479 1923 1604 1975 prin-

281 2002 395 2052 cipes
427 2007 466 2039 et
490 2005 737 2051 potestates,
762 1997 975 2036 adversus
998 1995 1149 2034 mztndi
1180 2001 1369 2034 rectores
1408 1992 1605 2032 tenebra-

227 2076 379 2109 251·um
413 2070 583 2116 harum,
630 2075 782 2108 contra
816 2066 1064 2119 spiritualia
1098 2065 1303 2118 nequicie.
1356 2064 1454 2102 Ideo
1493 2070 1607 2115 patet

285 2141 414 2194 quod,
448 2149 608 2193 quanto
642 2138 735 2192 quis
770 2137 892 2177 fuerit
924 2137 980 2176 sic
1013 2136 1179 2189 positus
1203 2134 1386 2174 anterius
1417 2133 1459 2172 in
1494 2133 1605 2173 dicto

284 2210 480 2261 exercitu,
513 2209 728 2249 indultum
762 2216 821 2248 est
853 2207 929 2246 sibi
962 2206 1228 2260 privilegium
1261 2219 1311 2244 eo
1344 2203 1480 2244 maius
1519 2217 1606 2256 quo

245 2279 468 2332 Samplius
501 2279 783 2319 coronabitur.
809 2279 861 2317 Et
893 2286 1008 2330 patet
1040 2276 1117 2316 ista
1150 2275 1360 2314 sentencia
1394 2275 1444 2313 de
1476 2282 1765 2314 matrelnstance
1791 2288 1822 2313 ot
1846 2286 1897 2312 the

286 2350 471 2389 filiorum
503 2348 682 2388 Zebedei
716 2362 797 2401 que
830 2362 877 2387 ex
916 2346 1190 2400 instigacione
1223 2344 1409 2384 filiorum
1441 2344 1609 2397 petebat
1635 2320 1886 2384 motgeegccgvffe-

229 2426 270 2457 '50
286 2419 555 2473 privilegium
599 2433 621 2458 a
666 2419 851 2470 Christo,
895 2426 941 2457 ut
978 2417 1036 2456 hii
1069 2417 1259 2456 sederent
1291 2415 1333 2454 in
1366 2428 1496 2467 regno
1530 2428 1607 2454 suo
1683 2391 1834 2419 einim-en.

287 2504 396 2530 unus
435 2490 486 2529 ad
520 2490 731 2528 dexteram
777 2498 816 2528 et
866 2487 971 2526 alius
1018 2487 1069 2526 ad
1120 2486 1331 2525 sinistram
1385 2484 1449 2539 (ut
1495 2493 1608 2537 patet

194 2562 271 2597 152b
286 2560 459 2599 Matthei
492 2560 604 2611 XX0‚
642 2557 726 2602 22).
761 2558 842 2597 Sed
865 2558 982 2611 pueri
1006 2565 1195 2610 petentes
1217 2554 1240 2577 ’Y‘
1263 2556 1366 2595 illud
1405 2554 1607 2608 implicite

286 2630 509 2669 audierunt
541 2629 734 2668 divinum
766 2637 1039 2681 responsum:
1086 2627 1268 2667 Nescitis
1307 2625 1409 2679 quid
1434 2625 1607 2677 petatis.

288 2701 467 2740 Potestis
505 2700 646 2739 bibere
690 2699 863 2738 calicem
914 2711 1038 2751 quem
1086 2710 1167 2750 ego
1214 2696 1427 2736 bibiturus
1473 2694 1610 2734 sum?

340 2824 363 2852 5.
388 2826 413 2852 A
434 2825 463 2852 in
486 2832 600 2858 marga
625 2824 727 2850 Prima
750 2823 922 2850 conclusio.
1058 2831 1083 2857 7.
1105 2824 1149 2849 A:
1180 2820 1356 2849 autc-terior.
1502 2827 1541 2853 17.
1565 2820 1607 2845 A:

288 2871 438 2905 optacius.
547 2872 587 2898 ιδ.
609 2871 637 2898 Α
657 2872 713 2905 Al:
736 2869 921 2905 specialiter.
1031 2870 1076 2896 28,
1098 2869 1136 2896 ss:
1160 2873 1240 2903 patet
1261 2876 1297 2894 cx
1318 2868 1384 2894 ista*
1494 2874 1541 2901 29*
1602 2874 1608 2891 τ

290 2917 392 2944 Zebei.
536 2916 577 2945 33.
598 2918 642 2945 A:
670 2917 818 2945 Noscitis.
