<?xml version="1.0" encoding="UTF-8"?>
<!DOCTYPE html PUBLIC "-//W3C//DTD XHTML 1.0 Transitional//EN"
    "http://www.w3.org/TR/xhtml1/DTD/xhtml1-transitional.dtd">
<html xmlns="http://www.w3.org/1999/xhtml" xml:lang="en" lang="en">
 <head>
  <title>
</title>
<meta http-equiv="Content-Type" content="text/html;charset=utf-8" />
  <meta name='ocr-system' content='tesseract 3.04.00' />
  <meta name='ocr-capabilities' content='ocr_page ocr_carea ocr_par ocr_line ocrx_word'/>
</head>
<body>
  <div class='ocr_page' id='page_1' title='image "./iohanniswycliftr04wycl_0619.png"; bbox 0 0 2045 3312; ppageno 0'>
   <div class='ocr_carea' id='block_1_1' title="bbox 292 251 1107 309">
    <p class='ocr_par' dir='ltr' id='par_1_1' title="bbox 292 251 1107 309">
     <span class='ocr_line' id='line_1_1' title="bbox 292 251 1107 309; baseline 0.013 -21"><span class='ocrx_word' id='word_1_1' title='bbox 292 260 382 289; x_wconf 78' lang='lat' dir='ltr'>CAP.</span> <span class='ocrx_word' id='word_1_2' title='bbox 409 251 537 309; x_wconf 74' lang='lat' dir='ltr'>xxm]</span> <span class='ocrx_word' id='word_1_3' title='bbox 785 265 846 298; x_wconf 85' lang='lat' dir='ltr'>DE</span> <span class='ocrx_word' id='word_1_4' title='bbox 871 265 1107 298; x_wconf 79' lang='lat' dir='ltr'>ECCLESIA.</span> 
     </span>
    </p>
   </div>
   <div class='ocr_carea' id='block_1_2' title="bbox 138 371 1611 2742">
    <p class='ocr_par' dir='ltr' id='par_1_2' title="bbox 138 371 1609 567">
     <span class='ocr_line' id='line_1_2' title="bbox 138 371 1609 425; baseline 0.001 -13"><span class='ocrx_word' id='word_1_5' title='bbox 138 379 168 412; x_wconf 84' lang='grc' dir='ltr'><strong>Τ</strong></span> <span class='ocrx_word' id='word_1_6' title='bbox 195 389 258 423; x_wconf 87' lang='lat'>207</span> <span class='ocrx_word' id='word_1_7' title='bbox 291 383 374 409; x_wconf 87' lang='lat' dir='ltr'>non</span> <span class='ocrx_word' id='word_1_8' title='bbox 415 380 559 423; x_wconf 89' lang='lat' dir='ltr'>posset</span> <span class='ocrx_word' id='word_1_9' title='bbox 598 371 639 410; x_wconf 88' lang='lat' dir='ltr'>in</span> <span class='ocrx_word' id='word_1_10' title='bbox 686 371 776 410; x_wconf 85' lang='lat' dir='ltr'>istis</span> <span class='ocrx_word' id='word_1_11' title='bbox 817 380 864 410; x_wconf 90' lang='lat' dir='ltr'>ut</span> <span class='ocrx_word' id='word_1_12' title='bbox 899 372 1027 425; x_wconf 82' lang='lat' dir='ltr'>Deus,</span> <span class='ocrx_word' id='word_1_13' title='bbox 1062 372 1127 411; x_wconf 90' lang='lat' dir='ltr'>vel</span> <span class='ocrx_word' id='word_1_14' title='bbox 1161 373 1282 413; x_wconf 88' lang='lat' dir='ltr'>aliter</span> <span class='ocrx_word' id='word_1_15' title='bbox 1316 374 1431 412; x_wconf 87' lang='lat' dir='ltr'>valor</span> <span class='ocrx_word' id='word_1_16' title='bbox 1471 374 1609 413; x_wconf 90' lang='lat' dir='ltr'>indul-</span> 
     </span>
     <span class='ocr_line' id='line_1_3' title="bbox 289 441 1608 495; baseline 0.003 -16"><span class='ocrx_word' id='word_1_17' title='bbox 289 441 534 492; x_wconf 86' lang='lat' dir='ltr'>genciarum</span> <span class='ocrx_word' id='word_1_18' title='bbox 581 455 666 480; x_wconf 88' lang='lat' dir='ltr'>non</span> <span class='ocrx_word' id='word_1_19' title='bbox 712 441 838 481; x_wconf 86' lang='lat' dir='ltr'>simul</span> <span class='ocrx_word' id='word_1_20' title='bbox 882 442 1119 482; x_wconf 84' lang='lat' dir='ltr'>attenditur</span> <span class='ocrx_word' id='word_1_21' title='bbox 1169 456 1298 495; x_wconf 89' lang='lat' dir='ltr'>penes</span> <span class='ocrx_word' id='word_1_22' title='bbox 1343 443 1487 482; x_wconf 82' lang='lat' dir='ltr'>omnia</span> <span class='ocrx_word' id='word_1_23' title='bbox 1531 445 1608 483; x_wconf 88' lang='lat' dir='ltr'>ista</span> 
     </span>
     <span class='ocr_line' id='line_1_4' title="bbox 289 511 1608 567; baseline 0.003 -18"><span class='ocrx_word' id='word_1_24' title='bbox 289 511 383 563; x_wconf 83' lang='lat' dir='ltr'>tria,</span> <span class='ocrx_word' id='word_1_25' title='bbox 413 524 560 564; x_wconf 89' lang='lat' dir='ltr'>ymmo</span> <span class='ocrx_word' id='word_1_26' title='bbox 593 524 706 565; x_wconf 85' lang='lat' dir='ltr'><strong>sepe,</strong></span> <span class='ocrx_word' id='word_1_27' title='bbox 742 512 814 551; x_wconf 87' lang='lat' dir='ltr'>ubi</span> <span class='ocrx_word' id='word_1_28' title='bbox 849 525 974 551; x_wconf 90' lang='lat' dir='ltr'>causa</span> <span class='ocrx_word' id='word_1_29' title='bbox 999 520 1060 550; x_wconf 90' lang='lat' dir='ltr'>est</span> <span class='ocrx_word' id='word_1_30' title='bbox 1091 512 1232 552; x_wconf 89' lang='lat' dir='ltr'>minus</span> <span class='ocrx_word' id='word_1_31' title='bbox 1267 513 1336 565; x_wconf 90' lang='lat' dir='ltr'>pia</span> <span class='ocrx_word' id='word_1_32' title='bbox 1370 513 1608 567; x_wconf 84' lang='lat' dir='ltr'>caritasque</span> 
     </span>
    </p>

    <p class='ocr_par' dir='ltr' id='par_1_3' title="bbox 192 579 1611 2742">
     <span class='ocr_line' id='line_1_5' title="bbox 192 579 1608 635; baseline 0.001 -14"><span class='ocrx_word' id='word_1_33' title='bbox 192 586 274 632; x_wconf 74' lang='lat' dir='ltr'>207b</span> <span class='ocrx_word' id='word_1_34' title='bbox 289 581 423 633; x_wconf 85' lang='lat' dir='ltr'>magis</span> <span class='ocrx_word' id='word_1_35' title='bbox 468 581 656 632; x_wconf 86' lang='lat' dir='ltr'>remissa,</span> <span class='ocrx_word' id='word_1_36' title='bbox 692 582 829 621; x_wconf 90' lang='lat' dir='ltr'>maior</span> <span class='ocrx_word' id='word_1_37' title='bbox 851 579 874 603; x_wconf 61' lang='lat'>*¹*</span> <span class='ocrx_word' id='word_1_38' title='bbox 907 582 1177 635; x_wconf 84' lang='lat' dir='ltr'>indulgencia</span> <span class='ocrx_word' id='word_1_39' title='bbox 1211 590 1273 622; x_wconf 86' lang='lat' dir='ltr'>est</span> <span class='ocrx_word' id='word_1_40' title='bbox 1307 595 1527 633; x_wconf 87' lang='lat' dir='ltr'>concessa;</span> <span class='ocrx_word' id='word_1_41' title='bbox 1563 594 1608 623; x_wconf 89' lang='lat' dir='ltr'>ut</span> 
     </span>
     <span class='ocr_line' id='line_1_6' title="bbox 255 652 1607 705; baseline 0.001 -13"><span class='ocrx_word' id='word_1_42' title='bbox 255 659 399 692; x_wconf 71' lang='lat' dir='ltr'>§unus</span> <span class='ocrx_word' id='word_1_43' title='bbox 438 665 547 704; x_wconf 90' lang='lat' dir='ltr'>papa</span> <span class='ocrx_word' id='word_1_44' title='bbox 587 653 819 691; x_wconf 84' lang='lat' dir='ltr'>concedere</span> <span class='ocrx_word' id='word_1_45' title='bbox 858 661 1002 705; x_wconf 91' lang='lat' dir='ltr'>posset</span> <span class='ocrx_word' id='word_1_46' title='bbox 1041 652 1334 705; x_wconf 89' lang='lat' dir='ltr'>indulgencias</span> <span class='ocrx_word' id='word_1_47' title='bbox 1377 655 1607 694; x_wconf 84' lang='lat' dir='ltr'>exercitan-</span> 
     </span>
     <span class='ocr_line' id='line_1_7' title="bbox 289 721 1605 776; baseline 0.003 -16"><span class='ocrx_word' id='word_1_48' title='bbox 289 721 401 760; x_wconf 88' lang='lat' dir='ltr'>tibus</span> <span class='ocrx_word' id='word_1_49' title='bbox 434 735 477 761; x_wconf 92' lang='lat' dir='ltr'>se</span> <span class='ocrx_word' id='word_1_50' title='bbox 501 722 542 760; x_wconf 90' lang='lat' dir='ltr'>in</span> <span class='ocrx_word' id='word_1_51' title='bbox 568 722 888 775; x_wconf 82' lang='lat' dir='ltr'>torneamentis,</span> <span class='ocrx_word' id='word_1_52' title='bbox 922 723 995 761; x_wconf 90' lang='lat' dir='ltr'>ubi</span> <span class='ocrx_word' id='word_1_53' title='bbox 1019 723 1124 762; x_wconf 89' lang='lat' dir='ltr'>alius</span> <span class='ocrx_word' id='word_1_54' title='bbox 1148 737 1258 776; x_wconf 86' lang='lat' dir='ltr'>papa</span> <span class='ocrx_word' id='word_1_55' title='bbox 1291 724 1409 776; x_wconf 92' lang='lat' dir='ltr'>prius</span> <span class='ocrx_word' id='word_1_56' title='bbox 1443 738 1605 763; x_wconf 84' lang='lat' dir='ltr'>excom-</span> 
     </span>
     <span class='ocr_line' id='line_1_8' title="bbox 290 791 1607 834; baseline 0.003 -4"><span class='ocrx_word' id='word_1_57' title='bbox 290 791 525 831; x_wconf 88' lang='lat' dir='ltr'>municavit</span> <span class='ocrx_word' id='word_1_58' title='bbox 557 805 705 832; x_wconf 90' lang='lat' dir='ltr'>omnes</span> <span class='ocrx_word' id='word_1_59' title='bbox 739 801 875 831; x_wconf 88' lang='lat' dir='ltr'>artem</span> <span class='ocrx_word' id='word_1_60' title='bbox 908 792 1156 832; x_wconf 91' lang='lat' dir='ltr'>huiusmodi</span> <span class='ocrx_word' id='word_1_61' title='bbox 1193 793 1485 834; x_wconf 82' lang='lat' dir='ltr'>exercitantes.</span> <span class='ocrx_word' id='word_1_62' title='bbox 1520 796 1607 834; x_wconf 91' lang='lat' dir='ltr'>Nec</span> 
     </span>
     <span class='ocr_line' id='line_1_9' title="bbox 289 862 1606 915; baseline 0.003 -15"><span class='ocrx_word' id='word_1_63' title='bbox 289 870 461 914; x_wconf 88' lang='lat' dir='ltr'>oportet</span> <span class='ocrx_word' id='word_1_64' title='bbox 483 862 599 915; x_wconf 91' lang='lat' dir='ltr'>quod</span> <span class='ocrx_word' id='word_1_65' title='bbox 634 862 856 903; x_wconf 89' lang='lat' dir='ltr'>immineat</span> <span class='ocrx_word' id='word_1_66' title='bbox 888 863 945 902; x_wconf 85' lang='lat' dir='ltr'>sic</span> <span class='ocrx_word' id='word_1_67' title='bbox 980 864 1092 902; x_wconf 90' lang='lat' dir='ltr'>varie</span> <span class='ocrx_word' id='word_1_68' title='bbox 1126 865 1354 904; x_wconf 83' lang='lat' dir='ltr'>necessitas</span> <span class='ocrx_word' id='word_1_69' title='bbox 1389 865 1606 904; x_wconf 84' lang='lat' dir='ltr'>ecclesiam</span> 
     </span>
     <span class='ocr_line' id='line_1_10' title="bbox 292 931 1607 986; baseline 0.002 -14"><span class='ocrx_word' id='word_1_70' title='bbox 292 931 453 972; x_wconf 87' lang='lat' dir='ltr'>Christi</span> <span class='ocrx_word' id='word_1_71' title='bbox 502 931 759 972; x_wconf 89' lang='lat' dir='ltr'>defendendi</span> <span class='ocrx_word' id='word_1_72' title='bbox 805 946 880 986; x_wconf 92' lang='lat' dir='ltr'>per</span> <span class='ocrx_word' id='word_1_73' title='bbox 928 933 1140 984; x_wconf 83' lang='lat' dir='ltr'>gladium;</span> <span class='ocrx_word' id='word_1_74' title='bbox 1187 943 1304 986; x_wconf 90' lang='lat' dir='ltr'>patet</span> <span class='ocrx_word' id='word_1_75' title='bbox 1354 933 1512 974; x_wconf 86' lang='lat' dir='ltr'>facturn</span> <span class='ocrx_word' id='word_1_76' title='bbox 1568 936 1607 974; x_wconf 91' lang='lat' dir='ltr'>in</span> 
     </span>
     <span class='ocr_line' id='line_1_11' title="bbox 237 1001 1607 1058; baseline 0.004 -18"><span class='ocrx_word' id='word_1_77' title='bbox 237 1019 274 1040; x_wconf 93' lang='lat'>10</span> <span class='ocrx_word' id='word_1_78' title='bbox 292 1002 605 1055; x_wconf 84' lang='lat' dir='ltr'>Extravagante</span> <span class='ocrx_word' id='word_1_79' title='bbox 655 1003 859 1042; x_wconf 88' lang='lat' dir='ltr'>Johannis</span> <span class='ocrx_word' id='word_1_80' title='bbox 911 1001 1041 1043; x_wconf 88' lang='lat' dir='ltr'>XXIIi</span> <span class='ocrx_word' id='word_1_81' title='bbox 1105 1004 1218 1053; x_wconf 82' lang='lat' dir='ltr'>Quia</span> <span class='ocrx_word' id='word_1_82' title='bbox 1265 1005 1309 1044; x_wconf 82' lang='lat' dir='ltr'>in</span> <span class='ocrx_word' id='word_1_83' title='bbox 1339 1004 1607 1058; x_wconf 80' lang='lat' dir='ltr'>futurorum</span> 
     </span>
     <span class='ocr_line' id='line_1_12' title="bbox 249 1073 1609 1127; baseline 0.002 -15"><span class='ocrx_word' id='word_1_84' title='bbox 249 1073 516 1115; x_wconf 77' lang='lat' dir='ltr'>beventibus.</span> <span class='ocrx_word' id='word_1_85' title='bbox 553 1073 672 1126; x_wconf 80' lang='lat' dir='ltr'>Item,</span> <span class='ocrx_word' id='word_1_86' title='bbox 707 1073 876 1114; x_wconf 87' lang='lat' dir='ltr'>videtur</span> <span class='ocrx_word' id='word_1_87' title='bbox 899 1075 1022 1114; x_wconf 89' lang='lat' dir='ltr'>istam</span> <span class='ocrx_word' id='word_1_88' title='bbox 1058 1074 1321 1127; x_wconf 87' lang='lat' dir='ltr'>posicionem</span> <span class='ocrx_word' id='word_1_89' title='bbox 1358 1075 1609 1127; x_wconf 87' lang='lat' dir='ltr'>restringere</span> 
     </span>
     <span class='ocr_line' id='line_1_13' title="bbox 291 1144 1609 1197; baseline 0.002 -15"><span class='ocrx_word' id='word_1_90' title='bbox 291 1150 548 1195; x_wconf 86' lang='lat' dir='ltr'>potestatem</span> <span class='ocrx_word' id='word_1_91' title='bbox 583 1157 695 1196; x_wconf 90' lang='lat' dir='ltr'>pape</span> <span class='ocrx_word' id='word_1_92' title='bbox 729 1145 770 1183; x_wconf 91' lang='lat' dir='ltr'>in</span> <span class='ocrx_word' id='word_1_93' title='bbox 806 1144 1008 1184; x_wconf 85' lang='lat' dir='ltr'>donando</span> <span class='ocrx_word' id='word_1_94' title='bbox 1033 1145 1341 1197; x_wconf 78' lang='lat' dir='ltr'>indulgencias,</span> <span class='ocrx_word' id='word_1_95' title='bbox 1366 1159 1463 1185; x_wconf 86' lang='lat' dir='ltr'>cum</span> <span class='ocrx_word' id='word_1_96' title='bbox 1488 1146 1609 1185; x_wconf 90' lang='lat' dir='ltr'>dacio</span> 
     </span>
     <span class='ocr_line' id='line_1_14' title="bbox 290 1211 1608 1269; baseline 0.004 -18"><span class='ocrx_word' id='word_1_97' title='bbox 290 1211 502 1265; x_wconf 86' lang='lat' dir='ltr'>dependet</span> <span class='ocrx_word' id='word_1_98' title='bbox 547 1227 595 1253; x_wconf 84' lang='lat' dir='ltr'>ex</span> <span class='ocrx_word' id='word_1_99' title='bbox 639 1214 796 1267; x_wconf 87' lang='lat' dir='ltr'>pietate</span> <span class='ocrx_word' id='word_1_100' title='bbox 844 1228 969 1254; x_wconf 83' lang='lat' dir='ltr'>cause</span> <span class='ocrx_word' id='word_1_101' title='bbox 1017 1224 1057 1255; x_wconf 92' lang='lat' dir='ltr'>et</span> <span class='ocrx_word' id='word_1_102' title='bbox 1106 1216 1280 1255; x_wconf 90' lang='lat' dir='ltr'>caritate</span> <span class='ocrx_word' id='word_1_103' title='bbox 1313 1229 1495 1269; x_wconf 91' lang='lat' dir='ltr'>persone</span> <span class='ocrx_word' id='word_1_104' title='bbox 1541 1217 1608 1256; x_wconf 91' lang='lat' dir='ltr'>cui</span> 
     </span>
     <span class='ocr_line' id='line_1_15' title="bbox 290 1284 1611 1340; baseline 0.003 -18"><span class='ocrx_word' id='word_1_105' title='bbox 290 1293 389 1323; x_wconf 89' lang='lat' dir='ltr'>sunt</span> <span class='ocrx_word' id='word_1_106' title='bbox 423 1284 691 1337; x_wconf 87' lang='lat' dir='ltr'>indulgencie</span> <span class='ocrx_word' id='word_1_107' title='bbox 716 1285 985 1325; x_wconf 87' lang='lat' dir='ltr'>conferende.</span> <span class='ocrx_word' id='word_1_108' title='bbox 1012 1285 1095 1326; x_wconf 89' lang='lat' dir='ltr'>Sed</span> <span class='ocrx_word' id='word_1_109' title='bbox 1118 1300 1228 1339; x_wconf 86' lang='lat' dir='ltr'>papa</span> <span class='ocrx_word' id='word_1_110' title='bbox 1255 1300 1339 1326; x_wconf 91' lang='lat' dir='ltr'>non</span> <span class='ocrx_word' id='word_1_111' title='bbox 1363 1287 1611 1340; x_wconf 83' lang='lat' dir='ltr'>regulariter</span> 
     </span>
     <span class='ocr_line' id='line_1_16' title="bbox 236 1353 1609 1410; baseline 0.004 -19"><span class='ocrx_word' id='word_1_112' title='bbox 236 1353 494 1393; x_wconf 86' lang='lat' dir='ltr'>15rectificat</span> <span class='ocrx_word' id='word_1_113' title='bbox 543 1355 643 1395; x_wconf 90' lang='lat' dir='ltr'>istas</span> <span class='ocrx_word' id='word_1_114' title='bbox 701 1368 847 1395; x_wconf 81' lang='lat' dir='ltr'>causas</span> <span class='ocrx_word' id='word_1_115' title='bbox 901 1356 1009 1395; x_wconf 88' lang='lat' dir='ltr'>sicut</span> <span class='ocrx_word' id='word_1_116' title='bbox 1054 1369 1129 1395; x_wconf 90' lang='lat' dir='ltr'>nec</span> <span class='ocrx_word' id='word_1_117' title='bbox 1175 1365 1331 1409; x_wconf 78' lang='lat' dir='ltr'>potest,</span> <span class='ocrx_word' id='word_1_118' title='bbox 1387 1370 1487 1410; x_wconf 87' lang='lat' dir='ltr'>ergo</span> <span class='ocrx_word' id='word_1_119' title='bbox 1534 1370 1609 1396; x_wconf 91' lang='lat' dir='ltr'>nec</span> 
     </span>
     <span class='ocr_line' id='line_1_17' title="bbox 289 1422 1607 1481; baseline 0.003 -18"><span class='ocrx_word' id='word_1_120' title='bbox 289 1422 491 1464; x_wconf 86' lang='lat' dir='ltr'>iustificat</span> <span class='ocrx_word' id='word_1_121' title='bbox 523 1438 672 1465; x_wconf 90' lang='lat' dir='ltr'>omnes</span> <span class='ocrx_word' id='word_1_122' title='bbox 702 1439 798 1465; x_wconf 90' lang='lat' dir='ltr'>suas</span> <span class='ocrx_word' id='word_1_123' title='bbox 822 1425 1130 1478; x_wconf 81' lang='lat' dir='ltr'>indulgencias,</span> <span class='ocrx_word' id='word_1_124' title='bbox 1165 1435 1205 1466; x_wconf 90' lang='lat' dir='ltr'>et</span> <span class='ocrx_word' id='word_1_125' title='bbox 1228 1440 1302 1479; x_wconf 88' lang='lat' dir='ltr'>per</span> <span class='ocrx_word' id='word_1_126' title='bbox 1326 1440 1607 1481; x_wconf 89' lang='lat' dir='ltr'>consequens,</span> 
     </span>
     <span class='ocr_line' id='line_1_18' title="bbox 289 1494 1607 1549; baseline 0.003 -16"><span class='ocrx_word' id='word_1_127' title='bbox 289 1507 338 1533; x_wconf 87' lang='lat' dir='ltr'>ex</span> <span class='ocrx_word' id='word_1_128' title='bbox 383 1494 535 1534; x_wconf 89' lang='lat' dir='ltr'>timore</span> <span class='ocrx_word' id='word_1_129' title='bbox 581 1509 776 1536; x_wconf 82' lang='lat' dir='ltr'>excessus</span> <span class='ocrx_word' id='word_1_130' title='bbox 831 1496 1000 1549; x_wconf 85' lang='lat' dir='ltr'>prodigi</span> <span class='ocrx_word' id='word_1_131' title='bbox 1052 1510 1136 1536; x_wconf 90' lang='lat' dir='ltr'>non</span> <span class='ocrx_word' id='word_1_132' title='bbox 1190 1496 1298 1536; x_wconf 88' lang='lat' dir='ltr'>foret</span> <span class='ocrx_word' id='word_1_133' title='bbox 1351 1506 1437 1537; x_wconf 91' lang='lat' dir='ltr'>tam</span> <span class='ocrx_word' id='word_1_134' title='bbox 1488 1498 1607 1537; x_wconf 83' lang='lat' dir='ltr'>laxus</span> 
     </span>
     <span class='ocr_line' id='line_1_19' title="bbox 289 1564 1609 1617; baseline 0.003 -14"><span class='ocrx_word' id='word_1_135' title='bbox 289 1564 580 1617; x_wconf 84' lang='lat' dir='ltr'>indulgencias</span> <span class='ocrx_word' id='word_1_136' title='bbox 626 1566 914 1607; x_wconf 86' lang='lat' dir='ltr'>concedendo.</span> <span class='ocrx_word' id='word_1_137' title='bbox 979 1567 1076 1606; x_wconf 90' lang='lat' dir='ltr'>Non</span> <span class='ocrx_word' id='word_1_138' title='bbox 1123 1567 1236 1606; x_wconf 90' lang='lat' dir='ltr'>enim</span> <span class='ocrx_word' id='word_1_139' title='bbox 1287 1567 1454 1608; x_wconf 89' lang='lat' dir='ltr'>videtur</span> <span class='ocrx_word' id='word_1_140' title='bbox 1496 1569 1609 1607; x_wconf 91' lang='lat' dir='ltr'>racio</span> 
     </span>
     <span class='ocr_line' id='line_1_20' title="bbox 289 1636 1607 1691; baseline 0.004 -19"><span class='ocrx_word' id='word_1_141' title='bbox 289 1647 419 1687; x_wconf 84' lang='lat' dir='ltr'>quare</span> <span class='ocrx_word' id='word_1_142' title='bbox 462 1636 682 1675; x_wconf 84' lang='lat' dir='ltr'>Romanus</span> <span class='ocrx_word' id='word_1_143' title='bbox 723 1636 916 1689; x_wconf 85' lang='lat' dir='ltr'>pontifex</span> <span class='ocrx_word' id='word_1_144' title='bbox 957 1646 1101 1690; x_wconf 91' lang='lat' dir='ltr'>posset</span> <span class='ocrx_word' id='word_1_145' title='bbox 1135 1638 1369 1677; x_wconf 89' lang='lat' dir='ltr'>concedere</span> <span class='ocrx_word' id='word_1_146' title='bbox 1410 1638 1451 1677; x_wconf 90' lang='lat' dir='ltr'>in</span> <span class='ocrx_word' id='word_1_147' title='bbox 1484 1651 1607 1691; x_wconf 87' lang='lat' dir='ltr'>gene-</span> 
     </span>
     <span class='ocr_line' id='line_1_21' title="bbox 230 1704 1605 1761; baseline 0.005 -20"><span class='ocrx_word' id='word_1_148' title='bbox 230 1719 273 1740; x_wconf 86' lang='lat'>20</span> <span class='ocrx_word' id='word_1_149' title='bbox 291 1704 447 1744; x_wconf 86' lang='lat' dir='ltr'>ralibus</span> <span class='ocrx_word' id='word_1_150' title='bbox 486 1705 768 1758; x_wconf 89' lang='lat' dir='ltr'>indulgenciis</span> <span class='ocrx_word' id='word_1_151' title='bbox 809 1715 980 1746; x_wconf 89' lang='lat' dir='ltr'>centum</span> <span class='ocrx_word' id='word_1_152' title='bbox 1016 1707 1202 1747; x_wconf 90' lang='lat' dir='ltr'>millibus</span> <span class='ocrx_word' id='word_1_153' title='bbox 1237 1707 1410 1748; x_wconf 87' lang='lat' dir='ltr'>cuilibet</span> <span class='ocrx_word' id='word_1_154' title='bbox 1444 1717 1605 1761; x_wconf 86' lang='lat' dir='ltr'>septem</span> 
     </span>
     <span class='ocr_line' id='line_1_22' title="bbox 289 1775 1607 1831; baseline 0.004 -18"><span class='ocrx_word' id='word_1_155' title='bbox 289 1788 437 1825; x_wconf 87' lang='lat' dir='ltr'>annos,</span> <span class='ocrx_word' id='word_1_156' title='bbox 481 1775 584 1828; x_wconf 87' lang='lat' dir='ltr'>quin</span> <span class='ocrx_word' id='word_1_157' title='bbox 618 1790 692 1828; x_wconf 91' lang='lat' dir='ltr'>per</span> <span class='ocrx_word' id='word_1_158' title='bbox 726 1777 837 1815; x_wconf 89' lang='lat' dir='ltr'>idern</span> <span class='ocrx_word' id='word_1_159' title='bbox 876 1777 947 1816; x_wconf 87' lang='lat' dir='ltr'>uni</span> <span class='ocrx_word' id='word_1_160' title='bbox 981 1789 1163 1830; x_wconf 87' lang='lat' dir='ltr'>persone</span> <span class='ocrx_word' id='word_1_161' title='bbox 1199 1787 1365 1817; x_wconf 87' lang='lat' dir='ltr'>tantum</span> <span class='ocrx_word' id='word_1_162' title='bbox 1399 1780 1607 1831; x_wconf 88' lang='lat' dir='ltr'>temporis</span> 
     </span>
     <span class='ocr_line' id='line_1_23' title="bbox 289 1844 1607 1901; baseline 0.003 -18"><span class='ocrx_word' id='word_1_163' title='bbox 289 1844 430 1897; x_wconf 86' lang='lat' dir='ltr'>simul,</span> <span class='ocrx_word' id='word_1_164' title='bbox 464 1845 563 1898; x_wconf 89' lang='lat' dir='ltr'>quia</span> <span class='ocrx_word' id='word_1_165' title='bbox 597 1847 630 1885; x_wconf 91' lang='lat' dir='ltr'>si</span> <span class='ocrx_word' id='word_1_166' title='bbox 666 1847 822 1886; x_wconf 88' lang='lat' dir='ltr'>noticia</span> <span class='ocrx_word' id='word_1_167' title='bbox 856 1847 1075 1899; x_wconf 85' lang='lat' dir='ltr'>dignitatis</span> <span class='ocrx_word' id='word_1_168' title='bbox 1101 1848 1347 1900; x_wconf 82' lang='lat' dir='ltr'>requiritur,</span> <span class='ocrx_word' id='word_1_169' title='bbox 1384 1862 1607 1901; x_wconf 87' lang='lat' dir='ltr'>nunquam</span> 
     </span>
     <span class='ocr_line' id='line_1_24' title="bbox 288 1914 1606 1970; baseline 0.004 -17"><span class='ocrx_word' id='word_1_170' title='bbox 288 1914 538 1967; x_wconf 87' lang='lat' dir='ltr'>procederet</span> <span class='ocrx_word' id='word_1_171' title='bbox 570 1916 664 1955; x_wconf 88' lang='lat' dir='ltr'>talis</span> <span class='ocrx_word' id='word_1_172' title='bbox 689 1916 958 1969; x_wconf 81' lang='lat' dir='ltr'>indulgencia</span> <span class='ocrx_word' id='word_1_173' title='bbox 982 1918 1206 1970; x_wconf 82' lang='lat' dir='ltr'>generalis,</span> <span class='ocrx_word' id='word_1_174' title='bbox 1238 1918 1397 1958; x_wconf 88' lang='lat' dir='ltr'>Ymmo</span> <span class='ocrx_word' id='word_1_175' title='bbox 1421 1918 1606 1970; x_wconf 86' lang='lat' dir='ltr'>videtur,</span> 
     </span>
     <span class='ocr_line' id='line_1_25' title="bbox 290 1984 1606 2042; baseline 0.005 -20"><span class='ocrx_word' id='word_1_176' title='bbox 290 1997 386 2023; x_wconf 89' lang='lat' dir='ltr'>cum</span> <span class='ocrx_word' id='word_1_177' title='bbox 420 1984 570 2024; x_wconf 85' lang='lat' dir='ltr'>merita</span> <span class='ocrx_word' id='word_1_178' title='bbox 604 1985 908 2039; x_wconf 89' lang='lat' dir='ltr'>triumphantis</span> <span class='ocrx_word' id='word_1_179' title='bbox 933 1988 1105 2027; x_wconf 90' lang='lat' dir='ltr'>ecclesie</span> <span class='ocrx_word' id='word_1_180' title='bbox 1139 1988 1223 2027; x_wconf 89' lang='lat' dir='ltr'>sint</span> <span class='ocrx_word' id='word_1_181' title='bbox 1249 2001 1451 2040; x_wconf 84' lang='lat' dir='ltr'>connexa,</span> <span class='ocrx_word' id='word_1_182' title='bbox 1489 1990 1606 2042; x_wconf 90' lang='lat' dir='ltr'>quod</span> 
     </span>
     <span class='ocr_line' id='line_1_26' title="bbox 230 2055 1608 2111; baseline 0.003 -16"><span class='ocrx_word' id='word_1_183' title='bbox 230 2062 271 2095; x_wconf 86' lang='lat'>25</span> <span class='ocrx_word' id='word_1_184' title='bbox 287 2055 429 2093; x_wconf 88' lang='lat' dir='ltr'>omnia</span> <span class='ocrx_word' id='word_1_185' title='bbox 479 2055 605 2095; x_wconf 89' lang='lat' dir='ltr'>simul</span> <span class='ocrx_word' id='word_1_186' title='bbox 637 2057 956 2109; x_wconf 88' lang='lat' dir='ltr'>applicarentur</span> <span class='ocrx_word' id='word_1_187' title='bbox 989 2058 1039 2096; x_wconf 91' lang='lat' dir='ltr'>ad</span> <span class='ocrx_word' id='word_1_188' title='bbox 1082 2072 1235 2110; x_wconf 88' lang='lat' dir='ltr'>penam</span> <span class='ocrx_word' id='word_1_189' title='bbox 1280 2058 1527 2111; x_wconf 82' lang='lat' dir='ltr'>tollendam,</span> <span class='ocrx_word' id='word_1_190' title='bbox 1567 2069 1608 2099; x_wconf 91' lang='lat' dir='ltr'>et</span> 
     </span>
     <span class='ocr_line' id='line_1_27' title="bbox 288 2124 1607 2182; baseline 0.004 -18"><span class='ocrx_word' id='word_1_191' title='bbox 288 2124 526 2177; x_wconf 89' lang='lat' dir='ltr'>specialiter</span> <span class='ocrx_word' id='word_1_192' title='bbox 559 2127 761 2166; x_wconf 87' lang='lat' dir='ltr'>meritum</span> <span class='ocrx_word' id='word_1_193' title='bbox 797 2127 957 2167; x_wconf 89' lang='lat' dir='ltr'>Christi</span> <span class='ocrx_word' id='word_1_194' title='bbox 999 2128 1040 2167; x_wconf 87' lang='lat' dir='ltr'>in</span> <span class='ocrx_word' id='word_1_195' title='bbox 1085 2129 1205 2168; x_wconf 86' lang='lat' dir='ltr'>cuius</span> <span class='ocrx_word' id='word_1_196' title='bbox 1247 2128 1403 2168; x_wconf 90' lang='lat' dir='ltr'>virtute</span> <span class='ocrx_word' id='word_1_197' title='bbox 1436 2138 1607 2182; x_wconf 90' lang='lat' dir='ltr'>oportet</span> 
     </span>
     <span class='ocr_line' id='line_1_28' title="bbox 288 2196 1608 2252; baseline 0.003 -18"><span class='ocrx_word' id='word_1_198' title='bbox 288 2196 366 2235; x_wconf 88' lang='lat' dir='ltr'>alia</span> <span class='ocrx_word' id='word_1_199' title='bbox 419 2197 606 2249; x_wconf 80' lang='lat' dir='ltr'>operari3</span> <span class='ocrx_word' id='word_1_200' title='bbox 661 2198 776 2251; x_wconf 89' lang='lat' dir='ltr'>quod</span> <span class='ocrx_word' id='word_1_201' title='bbox 834 2212 929 2238; x_wconf 89' lang='lat' dir='ltr'>cum</span> <span class='ocrx_word' id='word_1_202' title='bbox 982 2199 1036 2238; x_wconf 89' lang='lat' dir='ltr'>sit</span> <span class='ocrx_word' id='word_1_203' title='bbox 1087 2213 1215 2251; x_wconf 90' lang='lat' dir='ltr'>agens</span> <span class='ocrx_word' id='word_1_204' title='bbox 1262 2199 1467 2251; x_wconf 81' lang='lat' dir='ltr'>naturale,</span> <span class='ocrx_word' id='word_1_205' title='bbox 1520 2200 1608 2252; x_wconf 88' lang='lat' dir='ltr'>agit</span> 
     </span>
     <span class='ocr_line' id='line_1_29' title="bbox 288 2267 1608 2321; baseline 0.003 -16"><span class='ocrx_word' id='word_1_206' title='bbox 288 2267 522 2306; x_wconf 90' lang='lat' dir='ltr'>secundum</span> <span class='ocrx_word' id='word_1_207' title='bbox 570 2267 771 2307; x_wconf 89' lang='lat' dir='ltr'>ultimum</span> <span class='ocrx_word' id='word_1_208' title='bbox 821 2281 895 2307; x_wconf 91' lang='lat' dir='ltr'>sue</span> <span class='ocrx_word' id='word_1_209' title='bbox 948 2269 1143 2321; x_wconf 89' lang='lat' dir='ltr'>potencie</span> <span class='ocrx_word' id='word_1_210' title='bbox 1196 2268 1384 2321; x_wconf 78' lang='lat' dir='ltr'>infinite3</span> <span class='ocrx_word' id='word_1_211' title='bbox 1439 2269 1608 2309; x_wconf 91' lang='lat' dir='ltr'>videtur</span> 
     </span>
     <span class='ocr_line' id='line_1_30' title="bbox 253 2337 1607 2392; baseline 0.002 -17"><span class='ocrx_word' id='word_1_212' title='bbox 253 2337 404 2389; x_wconf 79' lang='lat' dir='ltr'>equod</span> <span class='ocrx_word' id='word_1_213' title='bbox 448 2337 616 2377; x_wconf 89' lang='lat' dir='ltr'>tolleret</span> <span class='ocrx_word' id='word_1_214' title='bbox 662 2339 917 2391; x_wconf 88' lang='lat' dir='ltr'>generaliter</span> <span class='ocrx_word' id='word_1_215' title='bbox 949 2353 1122 2379; x_wconf 89' lang='lat' dir='ltr'>omnem</span> <span class='ocrx_word' id='word_1_216' title='bbox 1157 2353 1327 2392; x_wconf 87' lang='lat' dir='ltr'>penam.</span> <span class='ocrx_word' id='word_1_217' title='bbox 1375 2340 1418 2379; x_wconf 90' lang='lat' dir='ltr'>Si</span> <span class='ocrx_word' id='word_1_218' title='bbox 1453 2340 1607 2379; x_wconf 89' lang='lat' dir='ltr'>dicitur</span> 
     </span>
     <span class='ocr_line' id='line_1_31' title="bbox 231 2407 1605 2463; baseline 0.003 -18"><span class='ocrx_word' id='word_1_219' title='bbox 231 2407 405 2459; x_wconf 83' lang='lat' dir='ltr'>3oquod</span> <span class='ocrx_word' id='word_1_220' title='bbox 440 2408 554 2447; x_wconf 90' lang='lat' dir='ltr'>Deus</span> <span class='ocrx_word' id='word_1_221' title='bbox 594 2409 772 2460; x_wconf 89' lang='lat' dir='ltr'>regulat‚</span> <span class='ocrx_word' id='word_1_222' title='bbox 814 2418 914 2449; x_wconf 89' lang='lat' dir='ltr'>tunc</span> <span class='ocrx_word' id='word_1_223' title='bbox 953 2419 1035 2449; x_wconf 91' lang='lat' dir='ltr'>stat</span> <span class='ocrx_word' id='word_1_224' title='bbox 1076 2411 1192 2463; x_wconf 90' lang='lat' dir='ltr'>quod</span> <span class='ocrx_word' id='word_1_225' title='bbox 1233 2423 1343 2463; x_wconf 89' lang='lat' dir='ltr'>papa</span> <span class='ocrx_word' id='word_1_226' title='bbox 1378 2410 1605 2462; x_wconf 83' lang='lat' dir='ltr'>indulgens</span> 
     </span>
     <span class='ocr_line' id='line_1_32' title="bbox 289 2478 1604 2532; baseline 0.002 -16"><span class='ocrx_word' id='word_1_227' title='bbox 289 2490 374 2515; x_wconf 90' lang='lat' dir='ltr'>non</span> <span class='ocrx_word' id='word_1_228' title='bbox 411 2478 607 2531; x_wconf 86' lang='lat' dir='ltr'>applicat,</span> <span class='ocrx_word' id='word_1_229' title='bbox 642 2479 714 2518; x_wconf 91' lang='lat' dir='ltr'>sed</span> <span class='ocrx_word' id='word_1_230' title='bbox 739 2479 855 2532; x_wconf 89' lang='lat' dir='ltr'>quod</span> <span class='ocrx_word' id='word_1_231' title='bbox 890 2480 1005 2519; x_wconf 90' lang='lat' dir='ltr'>Deus</span> <span class='ocrx_word' id='word_1_232' title='bbox 1039 2481 1089 2519; x_wconf 94' lang='lat' dir='ltr'>ad</span> <span class='ocrx_word' id='word_1_233' title='bbox 1125 2488 1323 2532; x_wconf 83' lang='lat' dir='ltr'>rogatum</span> <span class='ocrx_word' id='word_1_234' title='bbox 1350 2480 1477 2520; x_wconf 88' lang='lat' dir='ltr'>unius</span> <span class='ocrx_word' id='word_1_235' title='bbox 1512 2480 1604 2519; x_wconf 78' lang='lat' dir='ltr'>laici</span> 
     </span>
     <span class='ocr_line' id='line_1_33' title="bbox 290 2548 1034 2601; baseline 0.003 -14"><span class='ocrx_word' id='word_1_236' title='bbox 290 2548 409 2600; x_wconf 88' lang='lat' dir='ltr'>egeni</span> <span class='ocrx_word' id='word_1_237' title='bbox 443 2548 613 2601; x_wconf 89' lang='lat' dir='ltr'>copiose</span> <span class='ocrx_word' id='word_1_238' title='bbox 646 2562 799 2600; x_wconf 90' lang='lat' dir='ltr'>penam</span> <span class='ocrx_word' id='word_1_239' title='bbox 835 2549 1034 2589; x_wconf 86' lang='lat' dir='ltr'>dimittat.</span> 
     </span>
     <span class='ocr_line' id='line_1_34' title="bbox 238 2618 1607 2674; baseline 0 -16"><span class='ocrx_word' id='word_1_240' title='bbox 238 2624 275 2658; x_wconf 93' lang='lat' dir='ltr'>U</span> <span class='ocrx_word' id='word_1_241' title='bbox 348 2618 467 2665; x_wconf 90' lang='lat' dir='ltr'>Item,</span> <span class='ocrx_word' id='word_1_242' title='bbox 501 2619 533 2657; x_wconf 88' lang='lat' dir='ltr'>si</span> <span class='ocrx_word' id='word_1_243' title='bbox 567 2631 651 2657; x_wconf 91' lang='lat' dir='ltr'>non</span> <span class='ocrx_word' id='word_1_244' title='bbox 686 2618 917 2658; x_wconf 87' lang='lat' dir='ltr'>dimittitur</span> <span class='ocrx_word' id='word_1_245' title='bbox 947 2632 1069 2671; x_wconf 84' lang='lat' dir='ltr'>pena,</span> <span class='ocrx_word' id='word_1_246' title='bbox 1105 2620 1177 2658; x_wconf 88' lang='lat' dir='ltr'>sed</span> <span class='ocrx_word' id='word_1_247' title='bbox 1212 2628 1506 2658; x_wconf 88' lang='lat' dir='ltr'>commutatur</span> <span class='ocrx_word' id='word_1_248' title='bbox 1539 2618 1607 2674; x_wconf 91' lang='lat' dir='ltr'>(ut</span> 
     </span>
     <span class='ocr_line' id='line_1_35' title="bbox 290 2686 1604 2742; baseline 0.002 -16"><span class='ocrx_word' id='word_1_249' title='bbox 290 2688 391 2727; x_wconf 88' lang='lat' dir='ltr'>dicit</span> <span class='ocrx_word' id='word_1_250' title='bbox 415 2696 585 2727; x_wconf 88' lang='lat' dir='ltr'>sanctus</span> <span class='ocrx_word' id='word_1_251' title='bbox 608 2686 793 2742; x_wconf 77' lang='lat' dir='ltr'>doctor),</span> <span class='ocrx_word' id='word_1_252' title='bbox 819 2697 918 2727; x_wconf 88' lang='lat' dir='ltr'>tunc</span> <span class='ocrx_word' id='word_1_253' title='bbox 943 2690 1082 2728; x_wconf 87' lang='lat' dir='ltr'>omnis</span> <span class='ocrx_word' id='word_1_254' title='bbox 1106 2703 1215 2742; x_wconf 89' lang='lat' dir='ltr'>pena</span> <span class='ocrx_word' id='word_1_255' title='bbox 1240 2703 1322 2742; x_wconf 87' lang='lat' dir='ltr'>que</span> <span class='ocrx_word' id='word_1_256' title='bbox 1347 2698 1444 2729; x_wconf 85' lang='lat' dir='ltr'>ante</span> <span class='ocrx_word' id='word_1_257' title='bbox 1467 2689 1604 2728; x_wconf 89' lang='lat' dir='ltr'>indul-</span> 
     </span>
    </p>
   </div>
   <div class='ocr_carea' id='block_1_3' title="bbox 288 2801 1604 2882">
    <p class='ocr_par' dir='ltr' id='par_1_4' title="bbox 288 2801 1604 2882">
     <span class='ocr_line' id='line_1_36' title="bbox 340 2801 1602 2837; baseline 0.002 -10"><span class='ocrx_word' id='word_1_258' title='bbox 340 2807 365 2827; x_wconf 88' lang='lat'>2.</span> <span class='ocrx_word' id='word_1_259' title='bbox 400 2808 510 2835; x_wconf 85' lang='lat' dir='ltr'>penes;</span> <span class='ocrx_word' id='word_1_260' title='bbox 544 2801 564 2828; x_wconf 85' lang='lat' dir='ltr'>B</span> <span class='ocrx_word' id='word_1_261' title='bbox 587 2803 650 2834; x_wconf 83' lang='lat' dir='ltr'>pu‘.</span> <span class='ocrx_word' id='word_1_262' title='bbox 797 2809 838 2828; x_wconf 90' lang='grc' dir='ltr'>ιο.</span> <span class='ocrx_word' id='word_1_263' title='bbox 870 2801 902 2828; x_wconf 93' lang='lat' dir='ltr'>In</span> <span class='ocrx_word' id='word_1_264' title='bbox 924 2802 1015 2829; x_wconf 87' lang='lat' dir='ltr'>codd.</span> <span class='ocrx_word' id='word_1_265' title='bbox 1048 2801 1141 2829; x_wconf 69' lang='lat' dir='ltr'>false:</span> <span class='ocrx_word' id='word_1_266' title='bbox 1175 2801 1329 2837; x_wconf 86' lang='lat' dir='ltr'>Equidem</span> <span class='ocrx_word' id='word_1_267' title='bbox 1364 2802 1391 2828; x_wconf 90' lang='lat' dir='ltr'>in</span> <span class='ocrx_word' id='word_1_268' title='bbox 1426 2801 1602 2829; x_wconf 80' lang='lat' dir='ltr'>futurorum</span> 
     </span>
     <span class='ocr_line' id='line_1_37' title="bbox 288 2847 1604 2882; baseline 0.001 -9"><span class='ocrx_word' id='word_1_269' title='bbox 288 2847 459 2874; x_wconf 81' lang='lat' dir='ltr'>eventibus.</span> <span class='ocrx_word' id='word_1_270' title='bbox 501 2847 640 2876; x_wconf 81' lang='lat' dir='ltr'>Correxi.</span> <span class='ocrx_word' id='word_1_271' title='bbox 672 2847 752 2875; x_wconf 88' lang='lat' dir='ltr'>Vide</span> <span class='ocrx_word' id='word_1_272' title='bbox 791 2848 954 2882; x_wconf 74' lang='lat' dir='ltr'>Extravag.</span> <span class='ocrx_word' id='word_1_273' title='bbox 989 2848 1099 2875; x_wconf 83' lang='lat' dir='ltr'>Joann.</span> <span class='ocrx_word' id='word_1_274' title='bbox 1122 2847 1217 2875; x_wconf 84' lang='lat' dir='ltr'><strong>XXII.</strong></span> <span class='ocrx_word' id='word_1_275' title='bbox 1249 2848 1295 2874; x_wconf 86' lang='lat' dir='ltr'>tit.</span> <span class='ocrx_word' id='word_1_276' title='bbox 1325 2847 1366 2874; x_wconf 90' lang='lat' dir='ltr'>IX</span> <span class='ocrx_word' id='word_1_277' title='bbox 1398 2848 1441 2874; x_wconf 71' lang='lat' dir='ltr'>De</span> <span class='ocrx_word' id='word_1_278' title='bbox 1463 2848 1604 2875; x_wconf 81' lang='lat' dir='ltr'>Tornea-</span> 
     </span>
    </p>
   </div>
   <div class='ocr_carea' id='block_1_4' title="bbox 287 2889 1397 2941">
    <p class='ocr_par' dir='ltr' id='par_1_5' title="bbox 287 2889 1397 2941">
     <span class='ocr_line' id='line_1_38' title="bbox 287 2889 1397 2941; baseline 0 -10"><span class='ocrx_word' id='word_1_279' title='bbox 287 2904 410 2932; x_wconf 83' lang='lat' dir='ltr'>mentis.</span> <span class='ocrx_word' id='word_1_280' title='bbox 552 2913 598 2939; x_wconf 88' lang='lat'>24.</span> <span class='ocrx_word' id='word_1_281' title='bbox 620 2905 658 2932; x_wconf 86' lang='lat' dir='ltr'>B:</span> <span class='ocrx_word' id='word_1_282' title='bbox 681 2906 808 2934; x_wconf 88' lang='lat' dir='ltr'>ecclesie</span> <span class='ocrx_word' id='word_1_283' title='bbox 827 2889 938 2934; x_wconf 56' lang='lat' dir='ltr'>confla.</span> <span class='ocrx_word' id='word_1_284' title='bbox 1082 2913 1127 2941; x_wconf 88' lang='lat'>29.</span> <span class='ocrx_word' id='word_1_285' title='bbox 1151 2906 1189 2933; x_wconf 85' lang='lat' dir='ltr'>B:</span> <span class='ocrx_word' id='word_1_286' title='bbox 1211 2904 1243 2933; x_wconf 89' lang='lat' dir='ltr'>Si</span> <span class='ocrx_word' id='word_1_287' title='bbox 1265 2905 1397 2933; x_wconf 83' lang='lat' dir='ltr'>dicatur.</span> 
     </span>
    </p>
   </div>
   <div class='ocr_carea' id='block_1_5' title="bbox 1819 259 1890 298">
    <p class='ocr_par' dir='ltr' id='par_1_6' title="bbox 1819 259 1890 298">
     <span class='ocr_line' id='line_1_39' title="bbox 1819 259 1890 298; baseline 0.014 -1"><span class='ocrx_word' id='word_1_288' title='bbox 1819 259 1890 298; x_wconf 86' lang='lat'>581</span> 
     </span>
    </p>
   </div>
   <div class='ocr_carea' id='block_1_6' title="bbox 1625 1576 1901 1824">
    <p class='ocr_par' dir='ltr' id='par_1_7' title="bbox 1660 1576 1863 1613">
     <span class='ocr_line' id='line_1_40' title="bbox 1660 1576 1863 1613; baseline 0.005 -9"><span class='ocrx_word' id='word_1_289' title='bbox 1660 1576 1728 1604; x_wconf 86' lang='lat' dir='ltr'>The</span> <span class='ocrx_word' id='word_1_290' title='bbox 1750 1577 1863 1613; x_wconf 82' lang='lat' dir='ltr'>Pope&#39;s</span> 
     </span>
    </p>

    <p class='ocr_par' dir='ltr' id='par_1_8' title="bbox 1670 1613 1858 1646">
     <span class='ocr_line' id='line_1_41' title="bbox 1670 1613 1858 1646; baseline 0.005 -7"><span class='ocrx_word' id='word_1_291' title='bbox 1670 1613 1794 1646; x_wconf 77' lang='lat' dir='ltr'>general</span> <span class='ocrx_word' id='word_1_292' title='bbox 1816 1614 1858 1640; x_wconf 93' lang='lat' dir='ltr'>in-</span> 
     </span>
    </p>

    <p class='ocr_par' dir='ltr' id='par_1_9' title="bbox 1625 1648 1901 1824">
     <span class='ocr_line' id='line_1_42' title="bbox 1679 1648 1847 1683; baseline 0 -8"><span class='ocrx_word' id='word_1_293' title='bbox 1679 1648 1847 1683; x_wconf 84' lang='lat' dir='ltr'>dulgences</span> 
     </span>
     <span class='ocr_line' id='line_1_43' title="bbox 1625 1684 1897 1718; baseline 0.004 -8"><span class='ocrx_word' id='word_1_294' title='bbox 1625 1688 1741 1711; x_wconf 81' lang='lat' dir='ltr'>cannot</span> <span class='ocrx_word' id='word_1_295' title='bbox 1756 1684 1792 1711; x_wconf 88' lang='lat' dir='ltr'>be</span> <span class='ocrx_word' id='word_1_296' title='bbox 1807 1684 1897 1718; x_wconf 82' lang='lat' dir='ltr'>given</span> 
     </span>
     <span class='ocr_line' id='line_1_44' title="bbox 1626 1718 1898 1754; baseline 0.007 -10"><span class='ocrx_word' id='word_1_297' title='bbox 1626 1718 1699 1746; x_wconf 83' lang='lat' dir='ltr'>with</span> <span class='ocrx_word' id='word_1_298' title='bbox 1721 1720 1831 1754; x_wconf 85' lang='lat' dir='ltr'>regard</span> <span class='ocrx_word' id='word_1_299' title='bbox 1867 1724 1898 1746; x_wconf 81' lang='lat' dir='ltr'>to</span> 
     </span>
     <span class='ocr_line' id='line_1_45' title="bbox 1625 1754 1901 1789; baseline -0.004 -8"><span class='ocrx_word' id='word_1_300' title='bbox 1625 1755 1675 1781; x_wconf 85' lang='lat' dir='ltr'>the</span> <span class='ocrx_word' id='word_1_301' title='bbox 1703 1754 1843 1789; x_wconf 82' lang='lat' dir='ltr'>capacity</span> <span class='ocrx_word' id='word_1_302' title='bbox 1865 1754 1901 1781; x_wconf 82' lang='lat' dir='ltr'>of</span> 
     </span>
     <span class='ocr_line' id='line_1_46' title="bbox 1642 1790 1873 1824; baseline -0.009 -7"><span class='ocrx_word' id='word_1_303' title='bbox 1642 1790 1692 1817; x_wconf 80' lang='lat' dir='ltr'>the</span> <span class='ocrx_word' id='word_1_304' title='bbox 1713 1790 1873 1824; x_wconf 88' lang='lat' dir='ltr'>recipient.</span> 
     </span>
    </p>
   </div>
  </div>
 </body>
</html>
