2045 3312
320 259 409 287 CAP.
426 248 508 306 xm]
835 261 895 292 DE
923 259 1157 291 ECCLESIA.
1844 249 1923 287 263

217 379 254 412 H
279 380 294 411 1
313 367 536 416 Quotlibet
569 367 682 406 enim
717 375 815 406 sunt
847 366 949 405 tales
983 365 1093 417 leges
1123 377 1220 403 cum
1243 363 1410 403 racione
1435 365 1633 404 docentes

218 439 427 492 165¹quod
472 438 596 476 iudex
644 437 766 475 debet
810 435 1045 475 secundnm
1089 434 1201 487 leges
1234 433 1395 486 punire,
1441 433 1632 473 faciendo

312 508 476 561 utrique
510 507 615 560 parti
650 506 872 546 iusticiam.
898 505 1098 557 Princeps
1132 517 1231 555 ergo
1267 503 1517 556 precludens
1540 519 1631 544 cur·
1660 513 1689 540 Λ
1710 513 1816 547 prince
1843 513 1914 540 who

310 592 407 617 sum
454 578 547 617 talis
597 577 758 617 iusticie
804 585 864 615 est
908 575 1087 615 omnino
1120 588 1213 614 reus
1252 573 1421 623 iniurie3
1454 572 1486 611 si
1520 573 1634 612 enim
1649 549 1926 615 cbriiiggtbpftfustiisse

276 648 571 691 5antedictum
615 646 883 700 privilegium
930 646 1006 685 fuit
1052 645 1214 685 iustum
1247 645 1296 683 de
1329 643 1473 683 multis
1518 645 1635 697 quod
1696 620 1889 689 ³332}OE

311 732 398 758 non
444 718 636 757 obstante
682 717 752 756 tali
799 715 972 769 aufugio
1019 715 1205 755 subirent
1250 728 1403 767 penam
1441 714 1634 767 legalem,

312 789 534 842 quomodo
581 796 749 827 excusat
792 795 1013 839 peccatum
1059 784 1273 838 principis,
1307 784 1410 838 quin
1450 784 1634 823 dimissis

309 858 441 912 magis
484 856 686 896 induratis
732 856 771 895 in
817 870 895 896 suo
941 855 1124 895 facinore
1163 854 1430 894 iniuriaretur
1462 856 1552 894 Deo
1594 864 1633 894 et

310 925 519 981 partibus?
552 928 649 967 Non
673 926 785 965 enim
808 925 903 965 facit
926 926 1033 978 regis
1058 925 1274 965 concessio
1299 934 1345 965 ut
1375 925 1431 964 sic
1454 924 1634 964 varietur

256 998 471 1038 101'usticia
521 998 662 1051 quoad
700 997 852 1047 Deum⁷
903 1010 1044 1035 secura
1095 1009 1192 1048 ergo
1235 995 1300 1034 via
1349 995 1633 1035 misericordie

309 1078 369 1108 est
416 1069 512 1108 dare
556 1067 626 1107 tali
673 1067 900 1106 criminoso
934 1065 1211 1120 quadraginta
1261 1065 1346 1104 dies
1398 1065 1634 1118 penitencie

310 1148 348 1179 et
388 1148 484 1192 post
518 1137 666 1191 punire
698 1137 763 1176 vel
796 1136 1004 1176 dimittere
1037 1137 1273 1175 secundum
1302 1135 1632 1188 disposicionem

311 1222 490 1262 persone
526 1206 760 1260 culpabilis,
795 1207 893 1260 quia
927 1206 1162 1246 secundum
1196 1206 1311 1244 illam
1349 1205 1636 1244 misericordia

312 1280 376 1318 vel
410 1278 628 1318 crudelitas
662 1287 722 1317 est
755 1277 948 1316 taxanda.
983 1277 1035 1316 Et
1067 1276 1231 1316 utinam
1263 1276 1344 1316 hoc
1368 1275 1634 1328 privilegium

258 1349 351 1388 15in
400 1348 636 1388 recentibus
670 1347 906 1387 criminosis
940 1347 1230 1386 observaretur
1272 1360 1345 1398 per
1378 1354 1512 1385 totam
1544 1348 1632 1384 An-

312 1419 451 1472 gliam‚
497 1418 586 1457 aliis
635 1417 840 1458 sceleratis
885 1416 1154 1470 deprehensis
1187 1424 1285 1469 post
1317 1415 1635 1468 correpcionem

312 1489 482 1529 terciam
516 1490 752 1528 secundum
796 1488 933 1540 legem
979 1486 1183 1539 evangelii
1237 1486 1413 1525 Matthei
1465 1485 1633 1537 XVIHO,

313 1559 519 1612 castigatis
566 1559 721 1598 scilicet
752 1558 818 1596 vel
850 1557 1002 1597 ociosis
1034 1556 1076 1596 in
1110 1570 1206 1596 casu
1238 1570 1325 1610 quo
1364 1555 1634 1608 probabiliter

312 1630 504 1669 credatur
536 1629 630 1668 illos
663 1628 890 1668 intoxicare
925 1628 1019 1680 plus
1053 1636 1194 1666 sancte
1227 1626 1369 1666 matris
1394 1625 1565 1665 ecclesie
1588 1625 1633 1663 in

254 1715 294 1736 20
313 1700 517 1751 futurum,
564 1699 630 1738 vel
662 1698 778 1738 aliter
815 1697 1062 1751 proscriptis
1108 1697 1150 1736 in
1184 1711 1281 1736 casu
1315 1711 1401 1750 quo
1442 1696 1634 1735 credatur

312 1770 391 1809 illis
437 1770 636 1822 prodesse
681 1768 885 1822 profugis,
932 1768 1035 1807 Tale
1084 1767 1197 1806 enim
1237 1781 1345 1820 opus
1379 1781 1427 1806 ex
1466 1766 1633 1805 caritate

314 1839 545 1892 procedens
569 1847 747 1877 servaret
770 1837 958 1890 undique
987 1837 1318 1876 misericordiam
1342 1846 1382 1876 et
1404 1836 1633 1890 (quantum

313 1918 372 1948 est
406 1909 447 1947 in
482 1906 671 1952 homine)
707 1908 954 1947 libertatem.

226 1985 245 2017 1
271 1986 296 2017 2
370 1980 593 2027 Quantum
617 1979 668 2017 ad
692 1978 921 2017 secundam
943 1976 1230 2016 difficultatem
1274 1976 1316 2015 in
1345 1990 1429 2029 qua
1457 1976 1631 2029 quidam
1648 1984 1676 2016 b)
1696 1982 1776 2011 That
1797 1992 1813 2011 a
1834 1983 1926 2018 iudge

1836 2028 1842 2034 v
1908 2027 1924 2039 η

253 2049 466 2088 zbinstant
500 2048 670 2098 fortiter,
717 2048 834 2101 quod
868 2061 944 2099 pro
978 2046 1230 2085 execucione
1264 2055 1303 2085 et
1335 2045 1631 2085 observacione
1648 2027 1676 2081 ii]
1697 2020 1923 2093 boaeffieiicsglig

308 2119 409 2173 legis
443 2119 565 2158 debet
597 2119 718 2171 judex
754 2117 886 2157 facere
920 2117 1050 2155 eciam
1086 2116 1261 2155 scienter
1284 2115 1494 2167 iniuriam,
1519 2125 1632 2168 patet
1647 2090 1758 2163 laevlss}
1778 2095 1924 2152 ggfflgffiy

308 2190 425 2242 quod
476 2189 557 2228 hoc
610 2197 670 2227 est
723 2196 868 2227 contra
920 2186 1047 2225 fidem
1102 2186 1366 2235 catholicam,
1419 2194 1465 2225 ut
1518 2194 1632 2238 patet
1740 2160 1826 2187 iauh.

310 2261 433 2299 Rom.
463 2259 536 2297 IIIO
561 2268 600 2298 et
631 2259 740 2308 V110‚
775 2257 845 2296 ubi
879 2258 1001 2296 docet
1032 2256 1252 2309 apostolus
1287 2256 1403 2309 quod
1427 2269 1509 2295 non
1533 2261 1632 2295 sunt

295 2329 509 2383 faciendo
534 2329 650 2367 mala
675 2328 810 2380 culpe,
837 2333 881 2366 ut
904 2327 1013 2366 bona
1036 2327 1250 2374 eveniant,
1285 2339 1385 2365 nam
1407 2339 1505 2365 cum
1527 2326 1628 2365 tales

251 2404 292 2435 30
309 2412 484 2438 casuum
523 2396 838 2437 circumstancie
878 2396 959 2434 sint
991 2396 1188 2447 casuales,
1228 2404 1341 2448 patet
1379 2396 1497 2448 quod
1528 2404 1628 2434 tunc

308 2468 567 2521 contingeret
589 2477 635 2507 ut
658 2481 730 2520 per
759 2466 963 2505 maiorem
979 2474 1141 2518 partem
1156 2465 1394 2505 duracionis
1413 2467 1506 2504 date
1528 2464 1629 2518 legis

308 2538 560 2577 iudicaretur
610 2537 843 2577 secundum
893 2535 1028 2588 ipsam
1073 2535 1279 2575 iniustum
1323 2535 1540 2585 iudicium,
1590 2543 1629 2573 et

307 2617 407 2647 tunc
437 2607 542 2647 foret
564 2606 735 2646 indubie
758 2606 820 2644 lex
845 2605 999 2644 iniusta
1023 2614 1062 2644 et
1084 2619 1306 2659 nunquam
1329 2605 1623 2658 permittenda.

267 2682 292 2713 3
368 2678 523 2726 Quoad
567 2676 741 2716 terciam
788 2673 1082 2714 difficultatem
1133 2688 1259 2728 super
1310 2688 1393 2728 qua
1446 2674 1627 2713 clamant

251 2751 291 2783 35
309 2746 527 2798 scolastici,
573 2755 740 2798 oportet
786 2744 1039 2796 distinguere
1087 2744 1211 2797 (sicut
1243 2743 1339 2783 facit
1371 2740 1625 2796 Apostolus)

363 2895 404 2921 ιώ.
431 2894 459 2921 Α
479 2894 519 2920 13:
547 2893 770 2928 deprehensus.
