2045 3312
126 268 210 320 476
853 281 1077 313 JOHANNIS
1109 281 1302 314 WYCLIF.
1543 269 1650 329 [CAP.
1673 282 1738 310 xx.

477 386 641 435 Quarto
666 385 840 427 infertur
874 387 990 440 quod
1015 400 1120 426 uxor
1155 386 1258 427 tanti
1295 387 1457 427 domini
1491 389 1609 429 cuius
1642 400 1889 447 sunt194¹1D

418 455 563 495 omnia
616 466 655 496 et
707 456 797 509 ipsa
849 471 947 497 cum
1001 471 1050 497 eo
1105 470 1188 496 una
1233 471 1413 510 persona
1460 457 1524 515 (ut
1566 461 1740 501 docetur

419 525 593 565 Matthei
615 526 749 579 X1X0‚
775 526 831 582 5),
863 527 937 567 erit
961 527 1066 567 sicut
1090 526 1182 567 vitis
1205 526 1454 568 habundans
1476 529 1519 569 in
1542 530 1739 571 lateribus

417 596 569 635 domus
603 610 690 647 sue,
724 597 819 636 ideo
852 597 1044 637 subditur
1076 598 1193 651 quod
1225 598 1374 651 spoliis
1398 613 1480 639 non
1515 600 1736 654 indigebit.

417 666 526 716 Non,
560 666 696 720 inquit
723 668 1003 721 Augustinus,
1038 669 1248 721 quianon
1281 671 1423 722 querit
1453 671 1608 723 spolia,
1641 684 1770 716 cum5

415 735 575 789 diffusa
612 750 698 790 per
737 738 943 778 mundum
983 740 1074 779 eius
1113 741 1294 792 trophea
1327 741 1483 793 accipit
1518 748 1737 794 tamquam

416 819 510 855 sua,
553 807 651 861 quia
684 808 903 862 Sapiencie
936 810 1009 861 XO,
1064 824 1110 862 19
1144 810 1354 850 scribitur:
1400 811 1511 851 Iusti
1548 813 1740 853 tulerunt

415 878 552 930 spolia
605 879 849 931 impiorum.
898 879 952 919 Et
1012 879 1109 919 hinc
1163 880 1365 921 nimirum
1418 881 1517 922 dicit
1570 896 1737 935 sponsa,

415 947 583 987 Psalmo
608 948 816 1000 CXV1110,
859 951 953 990 162:
988 950 1174 990 Letabor
1202 964 1280 1004 ego
1302 964 1434 1004 super
1456 952 1626 1006 eloquia
1648 959 1737 1005 tua,

414 1018 524 1057 sicut
557 1020 630 1071 qui
661 1020 821 1060 invenit
851 1020 990 1073 spolia
1025 1021 1175 1062 multa.
1209 1021 1262 1060 Et
1295 1021 1352 1061 sic
1376 1021 1453 1062 ista
1476 1024 1736 1076 quadruplex
1758 1046 1796 1068 10

416 1088 659 1141 proposicio
693 1090 871 1130 declarat
903 1090 946 1129 in
979 1100 1095 1144 parte
1127 1090 1364 1144 predictum
1397 1092 1657 1146 coniugium.

120 1173 189 1201 The
205 1175 294 1216 9¹⁰0ss
308 1175 399 1202 orme
476 1160 632 1208 Quoad
665 1161 895 1200 secundam
927 1170 1091 1214 partem
1125 1161 1276 1201 cantici
1309 1162 1352 1201 in
1386 1177 1469 1216 qua
1508 1163 1739 1204 declaratur

193 1209 329 1238 ΟΜΝΗ
417 1230 603 1269 mulieris
638 1230 762 1270 huius
797 1230 988 1270 officium
1021 1231 1160 1285 primo
1189 1232 1231 1271 in
1267 1232 1450 1286 generali
1482 1234 1739 1286 premittitur

176 1314 334 1342 Versem.
396 1301 531 1354 ,quod
576 1314 733 1354 sponsa
772 1310 858 1341 tam
902 1311 1031 1355 grata,
1077 1311 1164 1342 tam
1209 1302 1291 1342 fida
1336 1312 1374 1343 et
1421 1312 1508 1343 tam
1553 1303 1738 1344 fertiliter

121 1350 170 1377 All
185 1351 234 1377 tlte
248 1352 352 1378 worlts
368 1354 399 1378 ot
654 1371 661 1378 .
949 1373 955 1379 .
1649 1375 1656 1382 .

121 1386 169 1412 the
191 1386 399 1420 predestinate
415 1371 558 1410 dotata
581 1385 603 1410 a
626 1386 715 1411 viro
745 1371 891 1412 reddet
918 1386 952 1411 ez
982 1372 1139 1412 bonum
1169 1380 1208 1413 et
1239 1387 1321 1413 non
1354 1374 1516 1414 malum
1540 1375 1735 1415 omnibus
1757 1386 1793 1419 15

121 1429 171 1448 are
190 1422 398 1456 profitableto
450 1442 456 1448 .
630 1443 637 1449 .
1143 1443 1150 1450 .
1251 1443 1257 1449 .
1494 1444 1502 1451 .
1679 1446 1685 1452 .

154 1456 362 1484 thecam-011.
413 1441 559 1481 diebus
597 1449 677 1482 vlle
722 1455 812 1483 sue.
864 1441 1095 1496 Operatur,
1142 1453 1279 1497 lnquit
1322 1447 1601 1498 Augustinus,
1646 1459 1736 1485 11er

411 1525 489 1551 suo
534 1512 643 1552 bona
689 1520 834 1552 eterna
883 1514 1094 1560 continue,
1146 1514 1244 1568 quia
1292 1513 1356 1568 (ut
1401 1514 1505 1554 mihi
1549 1515 1732 1570 videtur)

413 1596 562 1621 omnes
621 1583 890 1635 predestinati
952 1597 1118 1637 semper
1181 1593 1361 1638 prosunt
1420 1585 1589 1625 ecclesie
1647 1587 1734 1625 sine

412 1652 732 1705 dampnacionis
766 1667 839 1693 sue
873 1653 1077 1693 demerito
1100 1655 1165 1693 vel
1198 1654 1368 1694 ecclesie
1391 1655 1654 1698 detrimento.
1690 1658 1733 1697 In

412 1722 492 1762 hoc
509 1723 620 1762 enim
644 1722 778 1763 differt
801 1733 1021 1776 peccatum
1044 1724 1314 1777 predestinati
1335 1739 1358 1764 a
1374 1735 1545 1778 peccato
1569 1727 1734 1780 presciti
1752 1747 1793 1768 20

410 1794 527 1846 quod
561 1793 748 1846 primum
781 1802 840 1833 est
874 1794 1106 1834 necessario
1141 1794 1386 1835 remissibile
1420 1805 1459 1836 et
1498 1798 1733 1837 secundum

411 1863 694 1916 dampnabile.
735 1864 928 1904 Primum
961 1878 1034 1918 per
1065 1865 1256 1905 accidens
1289 1867 1459 1919 prodest
1492 1867 1661 1908 ecclesie
1695 1879 1735 1908 et

411 1934 598 1987 peccanti
651 1933 716 1989 (ut
761 1944 876 1988 patet
922 1935 972 1975 de
1018 1945 1190 1988 peccato
1234 1935 1363 1991 Petri)
1416 1945 1455 1976 et
1499 1939 1734 1978 secundum

411 2004 505 2045 licet
544 2019 616 2057 per
649 2005 841 2045 accidens
886 2006 1009 2047 faciat
1055 2008 1106 2046 ad
1151 2006 1315 2046 bonum
1360 2007 1544 2060 ecclesie,
1593 2017 1733 2048 tamen

411 2075 610 2115 continue
657 2075 731 2114 sibi
779 2085 916 2128 nocet,
967 2077 1065 2130 quia
1121 2076 1227 2116 sicut
1282 2077 1485 2131 quicquid
1536 2079 1790 2131 predesti-25

411 2155 531 2185 natus
564 2144 631 2184 hic
666 2144 807 2186 fecerit
846 2146 978 2186 tendit
1010 2147 1063 2186 ad
1096 2146 1159 2186 sui
1193 2147 1489 2200 salvacionem,
1529 2148 1586 2188 sic
1617 2149 1731 2202 quic-

409 2215 512 2268 quid
540 2215 741 2268 prescitus
770 2215 835 2255 hic
859 2215 999 2256 fecerit
1031 2217 1163 2257 tendit
1193 2218 1244 2257 ad
1274 2217 1337 2257 sui
1363 2218 1730 2271 dampnacionem.

411 2286 541 2334 Quod
594 2295 737 2325 autem
781 2286 956 2339 quidam
1002 2286 1148 2327 dicunt
1195 2296 1417 2340 peccatum
1463 2288 1730 2341 predestinati

409 2356 696 2409 dampnabile,
720 2356 994 2409 equivocatus
1017 2356 1057 2395 in
1082 2357 1255 2397 nomine
1270 2357 1543 2411 dampnabile
1558 2368 1730 2412 sumpto

410 2427 519 2478 large
543 2426 606 2465 vel
630 2427 809 2479 proprie.
844 2427 975 2480 Large
999 2427 1149 2468 dicitur
1172 2429 1447 2481 dampnabile
1471 2429 1760 2482 culpanduml

409 2497 523 2550 quod
554 2506 760 2550 perpetuo
785 2498 1099 2551 dampnaretur,
1123 2498 1154 2537 si
1178 2512 1264 2538 non
1290 2498 1394 2539 foret
1419 2499 1570 2539 Christi
1595 2500 1731 2553 gracia

463 2654 480 2672 ι.
510 2645 548 2672 Β;
583 2646 701 2679 Quarto
729 2645 829 2673 infert.
937 2654 962 2674 2.
984 2648 1011 2674 A
1032 2646 1088 2681 A1:
1120 2655 1180 2675 una
1204 2648 1300 2675 deest.
1408 2647 1431 2676 5.
1459 2648 1492 2675 In
1520 2648 1628 2676 codd.:
1660 2649 1730 2684 quia

408 2692 521 2727 querit.
549 2692 638 2720 Corr.
661 2701 676 2720 e
698 2698 780 2720 textu
801 2694 895 2730 Aug„
923 2694 974 2722 ubi
996 2695 1039 2722 sic
1060 2694 1207 2723 habetur:
1230 2695 1299 2723 Non
1324 2695 1393 2731 quia
1415 2703 1477 2723 non
1500 2695 1598 2731 querit
1619 2696 1730 2730 spolia,

409 2740 478 2768 ideo
502 2749 561 2767 non
585 2740 747 2775 indigebit,
770 2742 821 2768 sed
844 2741 916 2776 qnia
938 2742 1042 2769 multis
1063 2742 1234 2769 abundabit
1256 2764 1260 2768 .
1279 2764 1283 2769 .
1303 2764 1307 2768 .
1454 2749 1490 2769 12.
1514 2742 1540 2769 A
1562 2743 1589 2769 in
1612 2750 1728 2777 marg:

409 2787 551 2815 Secunda
569 2796 649 2822 pars.
725 2787 761 2815 15.
780 2790 803 2815 A
817 2790 868 2823 A1:
882 2797 897 2815 a
914 2789 1007 2816 deest.
1084 2789 1300 2823 17.continue;
1317 2790 1416 2824 Aug:
1434 2789 1462 2816 in
1479 2789 1563 2817 omni
1580 2794 1727 2824 tempore.

407 2842 452 2860 20.
486 2837 514 2862 A
547 2835 575 2861 in
611 2842 728 2869 marg:
768 2835 951 2863 Differcncic
984 2836 1062 2863 inter
1101 2841 1260 2870 peccatum
1295 2836 1418 2870 presciti
1451 2841 1479 2863 et
1512 2836 1725 2871 predestinati.

409 2888 448 2906 22.
473 2880 511 2907 B:
536 2880 696 2908 Peccatum
720 2890 773 2916 per
794 2882 949 2909 accidens.
1094 2882 1136 2910 23.
1158 2882 1196 2909 B:
1220 2887 1246 2910 ct
1269 2883 1441 2910 secundum
1457 2898 1488 2902 -—
1503 2887 1608 2910 tamen
1631 2883 1725 2910 deest.

408 2934 454 2961 29.
477 2928 504 2954 A
525 2928 581 2962 Al:
603 2928 806 2964 equivocatur
828 2945 859 2948 —
880 2929 1082 2964 dampnabile
1101 2929 1197 2957 deest.

2030 88 2045 159 ..mx-
2030 45 2041 54 ⁷-
2028 10 2034 16 ·
