2045 3312
183 259 263 309 554

194 735 439 774 Bonaxjentura's

246 778 388 806 opinion.

913 271 1138 304 JOHANNIS
1166 272 1361 305 WYCLIF.
1559 260 1666 318 [ew.
1683 269 1792 298 xxm.

469 377 597 415 trium
632 377 723 416 eius
755 377 827 430 qui
860 377 1121 417 multitudini
1146 387 1305 431 preest.
1351 378 1470 418 Unde
1501 380 1538 419 si
1568 380 1663 432 quis
1697 393 1792 419 con-
1812 388 1944 423 203⁴ss

468 455 722 501 sequeretur
769 449 1062 488 remissionem
1101 462 1214 502 pene
1257 462 1308 489 ac
1359 450 1397 489 si
1447 451 1562 490 alius
1606 464 1693 502 pro
1745 464 1793 490 eo

467 518 749 572 satisfecisset
780 519 837 558 ita
868 519 982 572 quod
1002 519 1249 573 satisfaceio
1279 520 1458 560 alterius
1489 521 1569 560 sibi
1592 534 1676 574 per
1697 534 1792 561 eum

469 591 542 645 qui
566 597 708 643 potest
739 589 1046 641 distribuatur;
1097 590 1155 630 sic
1189 591 1240 629 de
1277 591 1559 644 indulgenciis
1601 601 1664 632 est
1697 605 1790 632 cen-

470 661 667 701 sendum.
1810 672 1826 704 5

529 731 649 783 Item,
675 731 824 771 doctor
852 732 1154 772 Bonaventura
1178 745 1307 786 super
1330 732 1477 772 eadem
1503 732 1834 785 distinccione,3
1860 743 1891 776 Ο

470 803 696 856 questione
748 802 950 854 secunda,
1005 803 1147 856 primo
1200 803 1402 856 reprobat
1446 803 1695 856 opinionem
1741 804 1792 844 de

468 872 747 927 indulgenciis
787 873 999 913 dicentem
1035 873 1150 927 quod
1186 881 1352 914 tantum
1387 874 1531 913 valent
1563 873 1615 913 ad
1650 873 1791 915 forum

469 944 643 984 ecclesie
684 944 906 984 militantis
946 944 1003 983 sic
1043 944 1159 997 quod
1205 957 1290 984 non
1337 944 1388 983 ad
1436 943 1575 984 forum
1617 945 1792 986 ecclesie

469 1015 788 1069 triumphantis.
825 1014 882 1065 Si,
906 1014 1060 1068 inquit,
1086 1015 1287 1068 prelatus
1310 1016 1485 1055 relaxat
1505 1022 1544 1055 et
1566 1015 1684 1056 Deus
1709 1030 1791 1056 non
1812 1035 1852 1058 ιο

469 1087 653 1137 relaxat,
706 1092 806 1126 tunc
855 1093 918 1126 est
956 1086 1109 1139 pocius
1152 1086 1344 1140 decepcio
1376 1099 1504 1140 quam
1559 1087 1792 1138 relaxacio,

462 1157 614 1210 pocius
654 1156 887 1196 crudelitas
926 1169 1054 1210 quam
1088 1156 1241 1209 pietas.
1297 1157 1350 1197 Et
1388 1165 1506 1210 patet
1545 1156 1661 1210 quod
1707 1170 1789 1196 non

470 1227 580 1267 foret
613 1227 881 1280 dispensacio
915 1227 988 1267 sed
1022 1226 1210 1268 rebellio.
1252 1227 1351 1267 Ideo
1395 1227 1446 1266 ad
1480 1226 1790 1267 excludendum

470 1299 522 1338 ab
569 1298 746 1338 ecclesia
781 1297 941 1338 Christi
982 1297 1191 1338 fallaciam
1228 1298 1328 1338 dicit
1373 1298 1489 1352 quod
1522 1298 1792 1351 indulgencia

469 1369 527 1408 sic
561 1378 705 1422 potest
737 1369 850 1409 fieri:
891 1368 1154 1419 omittemus,
1189 1369 1341 1423 inquit,
1377 1369 1532 1409 honum
1563 1382 1616 1409 ex
1639 1370 1848 1423 triplici15

470 1440 633 1490 merito,
671 1440 829 1480 scilicet
866 1453 920 1480 ex
953 1440 1102 1480 merito
1128 1440 1324 1493 proprio,
1368 1452 1422 1479 ex
1462 1440 1611 1479 merito
1643 1440 1792 1492 capitis

469 1518 506 1550 et
538 1525 592 1551 ex
616 1511 766 1551 merito
799 1511 1083 1551 ecclesiastice
1113 1511 1299 1550 unitatis.
1334 1509 1390 1549 Et
1411 1510 1793 1563 correspondente}-

469 1582 524 1621 ad
556 1581 670 1621 istud
702 1581 860 1634 triplex
893 1581 1091 1621 meritum
1116 1581 1271 1620 bonum
1306 1580 1520 1620 obtinendi
1542 1588 1602 1620 est
1634 1581 1793 1633 triplex

470 1653 667 1691 meritum
692 1665 717 1691 a
741 1652 854 1691 malo
880 1651 1103 1700 liberandi,
1135 1651 1293 1691 scilicet
1322 1651 1518 1690 meritum
1546 1651 1791 1704 proprium,

470 1729 637 1776 utputa
654 1721 691 1771 ³³,
714 1723 910 1762 meritum
929 1722 1215 1770 contricionis,
1235 1735 1316 1775 quo
1332 1734 1551 1761 meremur
1569 1721 1747 1761 liberari
1766 1735 1791 1761 a
1809 1735 1892 1771 204¹¹

462 1807 577 1846 pena
601 1800 745 1832 eterna
770 1799 809 1832 et
830 1792 988 1831 ascribi
1008 1791 1065 1831 ad
1092 1791 1255 1845 gaudia
1287 1792 1566 1844 sempiterna,
1600 1792 1661 1831 sic
1682 1792 1794 1845 quod

468 1864 543 1902 lzec
576 1862 658 1902 cluo
690 1868 792 1902 sunt
813 1862 958 1911 simul,
996 1862 1106 1901 sicut
1129 1862 1169 1901 in
1194 1862 1364 1916 angelis
1387 1862 1539 1915 gracia
1573 1869 1613 1901 et
1633 1862 1788 1915 gloria.

529 1932 723 1972 Secundo
747 1932 868 1972 modo
892 1933 1089 1972 meritum
1119 1931 1276 1972 Christi
1297 1940 1553 1985 cooperatur
1577 1933 1618 1971 in
1641 1946 1790 1972 sacra-

470 2004 620 2043 mentis
667 2010 705 2043 et
739 2010 951 2056 potestate
988 2003 1187 2052 clavium,
1236 2010 1274 2042 et
1315 2016 1396 2055 per
1441 2003 1519 2042 lzoc
1563 2003 1793 2043 remittitur

462 2088 571 2127 pars
601 2088 724 2127 pene.
758 2073 814 2113 Et
842 2074 971 2113 tercio
996 2073 1117 2113 moa'o
1135 2073 1195 2127 fit
1227 2073 1423 2112 meritum
1448 2072 1504 2111 aa'
1519 2072 1789 2126 fugiendum
1808 2083 1847 2115 25

469 2145 631 2184 malunt
655 2158 709 2184 ex
731 2144 772 2184 vi
794 2144 969 2183 unitatis
1002 2144 1294 2183 ecclesiastice.
1329 2143 1385 2183 Et
1405 2142 1792 2195 correspondenter

453 2216 509 2269 fit
534 2215 696 2268 triplex
722 2228 833 2267 pene
856 2214 1129 2263 condonacio,
1164 2220 1210 2253 ut
1234 2214 1296 2253 sic
1318 2219 1470 2253 currat
1498 2212 1791 2253 misericordia

469 2298 564 2324 cum
611 2285 790 2324 iusticia.
846 2284 901 2323 Et
945 2285 985 2323 in
1032 2284 1218 2336 qualibet
1261 2284 1337 2323 tali
1375 2282 1692 2323 condonacione
1731 2290 1794 2323 est

469 2355 746 2395 commutacio
772 2355 949 2395 maioris
973 2355 1014 2394 in
1039 2355 1193 2403 minus,
1220 2353 1330 2394 unde
1344 2367 1460 2407 pena
1484 2360 1629 2394 eterna
1645 2354 1790 2407 primo

523 2505 551 2533 o.
582 2505 602 2532 B
624 2505 653 2532 in
676 2512 791 2539 marga
821 2504 900 2532 Nota
926 2504 1087 2540 quomodo
1115 2503 1267 2539 percipias
1292 2502 1401 2530 teriam
1428 2502 1494 2536 (sic)
1518 2502 1789 2537 indulgenciarum

469 2552 641 2580 secundum
653 2552 788 2579 fautores
802 2559 918 2579 earum.
942 2551 1100 2578 Numerus
1116 2550 1331 2578 distinccionis
1343 2549 1429 2577 deest
1442 2549 1471 2577 in
1483 2549 1574 2577 codd.
1661 2549 1700 2577 15.
1715 2550 1743 2576 A
1759 2549 1789 2577 in

469 2606 582 2632 marga
605 2598 725 2625 Bonum
742 2598 921 2626 obtinemus
941 2606 977 2625 ex
994 2598 1103 2625 merito
1125 2598 1263 2633 proprio,
1286 2605 1321 2624 ex
1343 2597 1454 2624 merito
1474 2596 1597 2632 capitis,
1625 2604 1660 2623 ex
1681 2596 1790 2623 merito

467 2645 594 2672 ecclesie
612 2645 746 2672 unitatis.
858 2653 896 2679 ¹7-
918 2646 946 2672 A
963 2645 993 2672 in
1015 2652 1131 2678 marga
1155 2644 1371 2672 Bonaventura
1389 2643 1426 2671 de
1446 2642 1654 2678 indulgenciis
1673 2642 1789 2678 (Below

468 2692 536 2720 203⁶
557 2693 687 2719 without
709 2692 796 2720 mark
816 2691 850 2719 of
868 2691 1046 2725 reference).

534 2811 582 2832 ιο.
611 2799 686 2832 Lib.
714 2800 769 2831 IV.
798 2800 1062 2831 Sentenciarurn
1085 2799 1162 2831 dist.
1181 2799 1252 2839 XX,
1279 2809 1357 2841 pars
1377 2799 1416 2839 ΙΙ,
1443 2806 1502 2831 art.
1523 2799 1546 2840 1,
1572 2798 1731 2841 quaestio
1751 2798 1789 2830 11.

471 2859 672 2891 Conclusio.
723 2859 836 2890 Sancti
871 2860 1137 2891 Bonaventurae
1171 2858 1262 2901 Opp.
1297 2865 1381 2890 torn.
1415 2858 1472 2899 lv,
1510 2867 1587 2900 pag.
1624 2856 1689 2890 556
1719 2855 1790 2900 (ed.

473 2918 557 2949 Ven.
591 2914 702 2961 1754).
