2045 3312
135 260 186 298 58
869 266 1094 299 JOHANNIS
1123 267 1318 299 WYCLIF.
1573 252 1680 311 [CAP.
1696 264 1747 293 111.

424 374 475 414 de
508 373 680 414 iudicio.
726 373 793 412 De
809 379 990 426 peccato
1023 371 1279 412 infidelitatis
1312 386 1394 427 que
1430 372 1748 413 antonomatice
1770 384 1899 419 136⁸K

423 444 574 484 dicitur
618 452 856 497 peccatum,
903 443 1004 496 quia
1050 456 1134 482 non
1181 443 1462 483 crediderunt
1504 442 1548 482 in
1587 452 1751 496 patrem

423 529 560 570 neque
603 516 644 555 in
692 524 779 564 me,·
817 514 868 553 de
907 513 1074 553 iusticia
1108 527 1239 567 quam
1270 514 1506 554 debuerunt
1538 513 1748 565 habuisse,

424 585 652 639 aspirando
686 598 783 624 cum
809 582 958 623 mediis
981 582 1177 636 congruis
1211 583 1262 622 ad
1296 583 1472 636 patriam
1498 583 1748 635 naturalem,

424 657 523 710 quia
569 654 625 694 ad
661 661 835 707 patrem
887 653 1021 702 vado;
1065 659 1103 692 et
1147 652 1199 693 de
1248 653 1408 693 iudicio
1454 667 1540 707 quo
1594 663 1784 699 temere5

425 726 676 766 arbitrantur
727 725 884 777 dogma
936 723 1086 764 mundi
1141 732 1265 777 atque
1318 723 1473 763 diaboli
1532 723 1751 764 ardencius

429 796 705 850 diligendum,
739 808 834 835 cum
864 795 1074 848 princeps
1107 793 1258 834 mundi
1279 793 1304 821 ἧς
1337 794 1554 834 iudicatus
1587 801 1649 834 est
1679 804 1849 846 per135b

427 866 646 907 Christum
679 866 902 905 docentem
934 864 1197 918 oppositum.
1231 864 1285 904 Et
1317 863 1373 904 sic
1408 863 1607 917 opposita
1639 863 1750 915 fidei,

431 937 519 990 spei
567 946 606 976 et
651 935 830 975 caritatis
878 949 960 989 que
1005 935 1382 988 corresponderent
1434 948 1507 987 per
1559 934 1754 974 ordinem

430 1006 602 1047 trinitati
637 1008 872 1059 dampnant
904 1005 1110 1059 prescitos
1142 1005 1184 1044 in
1217 1004 1331 1044 finali
1364 1004 1522 1044 iudicio
1557 1003 1622 1060 (ut
1655 1005 1754 1046 alias
1774 1026 1813 1047 10

137 1087 194 1114 But
214 1086 257 1113 St.
274 1084 415 1113 Thomas
431 1077 579 1117 diffuse
624 1075 833 1131 exposui).
879 1076 977 1115 Non
1023 1076 1136 1115 enim
1181 1075 1263 1114 vidi
1313 1075 1355 1114 in
1399 1083 1545 1115 sancto
1585 1075 1756 1115 Thoma

166 1124 241 1149 does
263 1126 317 1148 not
337 1129 391 1150 sav

137 1148 497 1219 iiiiiimiileraxgiibissvel
541 1147 624 1187 alio
670 1147 843 1186 doctore
888 1146 1096 1199 probabili
1142 1147 1260 1199 quod
1308 1154 1449 1186 totum
1487 1145 1591 1185 illud
1622 1159 1756 1198 genus

139 1218 504 1290 iili20131&11r11cb}133}sed
548 1231 642 1271 pars
687 1217 775 1256 eius
819 1217 1100 1270 predestinata
1134 1216 1185 1256 sit
1217 1226 1359 1256 sancta
1405 1225 1538 1256 mater
1570 1215 1755 1267 ecclesia,

140 1298 191 1325 the
218 1297 589 1348 partiliatjssponsa
634 1287 791 1328 Christi
836 1297 875 1327 et
918 1287 1165 1327 universalis
1211 1287 1277 1326 vel
1324 1286 1529 1326 catholica
1573 1286 1756 1338 ecclesia,

171 1333 390 1368 prtdtstmate.
433 1372 586 1411 corpus
633 1357 787 1398 Christi
832 1358 1049 1398 misticum
1096 1358 1146 1397 de
1190 1371 1277 1411 quo
1319 1357 1522 1410 scriptura
1556 1356 1814 1410 loquitur.15

434 1429 487 1469 Et
520 1429 576 1467 de
608 1427 697 1468 tali
731 1437 803 1469 est
836 1428 982 1468 nobis
1015 1441 1193 1469 sermo,

493 1500 592 1539 Non
624 1509 830 1553 repugnat
857 1513 954 1552 ergo
978 1498 1272 1552 equivocando
1305 1511 1452 1537 vocare
1486 1510 1639 1550 corpus
1672 1497 1758 1536 dia-

436 1569 521 1609 boli
553 1570 772 1610 ecclesiam
795 1570 962 1619 Christi,
996 1579 1042 1610 ut
1064 1569 1203 1623 posito
1227 1569 1344 1623 quod
1366 1582 1450 1608 una
1473 1567 1758 1607 communitas

437 1640 735 1681 nominetenus
774 1641 1022 1681 clericorum
1065 1640 1242 1694 prescita
1283 1640 1473 1680 credatur
1510 1652 1597 1679 esse
1631 1638 1758 1691 parti-

437 1710 585 1750 cularis
608 1711 792 1763 ecclesia,
816 1711 911 1751 licet
933 1710 1173 1751 committat
1195 1719 1364 1763 peccata
1379 1717 1759 1762 quantumcunque
1777 1728 1817 1749 20

437 1781 639 1821 enormia.
664 1781 788 1821 Tunc
810 1781 961 1834 vulgus
983 1789 1151 1834 reputat
1174 1793 1267 1819 eam
1289 1793 1376 1818 esse
1399 1778 1629 1829 ecclesiam,
1658 1792 1760 1832 ymo

439 1851 616 1905 quilibet
647 1865 796 1891 eorum
834 1851 977 1890 asserit
1018 1851 1133 1904 quod
1172 1859 1344 1903 propter
1376 1848 1570 1888 ordinem
1604 1857 1664 1888 est
1701 1848 1763 1887 vir

439 1930 578 1961 sancte
625 1922 768 1961 matris
816 1921 1000 1973 ecclesie,
1051 1920 1218 1960 racione
1270 1919 1389 1959 cuius
1438 1919 1548 1959 tituli
1598 1927 1763 1958 excecat

439 1991 666 2044 populum,
689 1991 731 2030 in
755 1990 850 2043 fide,
875 1990 1016 2031 officio
1040 1999 1080 2030 et
1095 1989 1279 2045 ypocrisi
1302 1989 1472 2030 indubie
1496 1989 1762 2040 menciendo‚

440 2061 540 2114 quia
571 2062 627 2101 sic
660 2061 773 2101 idem
807 2061 913 2101 foret
945 2061 1071 2101 simul
1103 2060 1345 2101 membrum
1368 2059 1521 2099 Christi
1554 2068 1593 2098 et
1625 2072 1760 2098 mem·
1780 2068 1819 2099 25

441 2132 566 2170 brum
598 2131 766 2182 diaboli,
801 2131 972 2171 ecclesia
1004 2139 1247 2170 sanctorum
1272 2138 1311 2169 et
1334 2128 1505 2168 ecclesia
1529 2128 1762 2180 malignan-

442 2201 568 2242 cium.
593 2201 718 2240 Tales
752 2202 866 2240 enim
889 2201 985 2241 dicit
1003 2201 1194 2240 Thomas
1217 2199 1349 2239 eciam
1373 2199 1566 2239 membra
1590 2199 1766 2238 ecclesie

442 2273 483 2311 in
502 2273 722 2324 potencia,
744 2272 840 2312 licet
854 2285 1076 2325 nunquam
1102 2270 1443 2311 reducanturad
1465 2276 1623 2309 actum.
1648 2271 1709 2308 Ac
1733 2268 1764 2307 si

443 2341 648 2382 diceretur
671 2342 772 2382 illud
795 2342 919 2383 habet
941 2342 1184 2396 potenciam
1212 2355 1260 2380 ex
1283 2339 1538 2380 sufficiencia
1560 2337 1765 2392 passionis

445 2411 596 2452 Christi
632 2422 670 2451 et
702 2422 909 2465 potestate
943 2412 1003 2452 sui
1035 2411 1191 2452 arbitrii
1223 2424 1310 2450 esse
1333 2410 1574 2450 membrum
1597 2407 1765 2458 Christi,
1783 2418 1824 2449 30

445 2495 543 2521 cum
575 2492 716 2521 tamen
749 2483 861 2522 nude
894 2483 946 2522 sit
978 2483 1218 2522 membrum
1246 2479 1587 2534 congregacionis
1609 2478 1765 2517 haben-

445 2551 557 2591 cium
595 2551 720 2591 fidem
762 2553 1002 2604 informem,
1041 2553 1137 2592 licet
1176 2564 1397 2605 nunquam
1435 2549 1487 2590 sit
1524 2549 1766 2588 membrum

447 2622 633 2674 corporis
667 2622 820 2662 Christi
857 2623 1022 2663 mistici.
1069 2622 1148 2662 Sed
1183 2635 1235 2661 ne
1268 2635 1346 2675 ego
1379 2620 1567 2659 laborem
1599 2618 1641 2657 in
1680 2617 1766 2656 istis

505 2743 525 2762 1.
549 2734 665 2763 Codd.:
688 2735 946 2764 autonomastice.
1044 2736 1084 2763 ιιῐ.
1107 2737 1135 2763 Α
1154 2736 1183 2763 in
1205 2743 1320 2771 marg:
1342 2732 1568 2770 Equivocando
1587 2731 1769 2760 conceditur

447 2790 565 2818 corpus
586 2782 703 2810 diaboli
730 2792 797 2810 esse
825 2783 985 2811 eeclesiam
999 2783 1125 2811 Christi.
1154 2782 1174 2809 13-
1196 2782 1226 2810 in
1247 2790 1362 2817 marga
1391 2779 1528 2809 Ecclesia
1549 2778 1661 2807 Christi
1689 2786 1768 2806 nun-

447 2829 599 2864 cupative.
709 2829 750 2856 23.
773 2830 811 2856 B:
835 2830 962 2857 ecclesie
984 2830 1122 2857 Romane
1144 2830 1242 2857 cuius.
1341 2836 1384 2862 27.
1407 2829 1433 2855 A
1456 2827 1483 2854 in
1507 2834 1619 2860 marg:
1642 2825 1769 2852 Prosciti

448 2876 609 2909 quomodo
640 2881 709 2903 sunt
740 2877 768 2903 in
800 2876 944 2910 potencia
985 2877 1161 2903 membrum
1191 2876 1256 2910 (sic)
1289 2873 1402 2902 Christi
1439 2872 1611 2900 secundum
1646 2872 1768 2898 beatum

447 2919 615 2949 Thomam.
647 2921 668 2949 B
690 2923 718 2950 in
740 2930 854 2957 marg.:
874 2924 1007 2950 Sanctus
1026 2921 1179 2950 Thomas.
1286 2919 1329 2947 32.
1349 2920 1386 2947 B:
1408 2918 1552 2946 formem.
