2045 3312
198 256 279 306 540
926 263 1153 296 JOHANNIS
1179 264 1375 297 wvcmr.
1583 253 1691 310 [cmv.
1714 263 1809 292 xxti.

487 378 526 409 et
574 369 939 422 pulchritudinem
987 370 1174 410 universi
1221 371 1335 423 quod
1381 371 1532 411 Petrus
1579 385 1689 412 nunc
1736 387 1810 426 per
1828 383 1962 419 202¹’P

487 439 712 480 dominum
738 440 971 492 occidatur,
998 441 1220 493 quomodo
1243 441 1341 481 licet
1364 441 1467 481 mihi
1493 455 1809 483 remurmurare

486 518 632 549 contra
675 510 798 549 istam
846 510 1058 551 iusticiam
1101 520 1140 551 et
1177 511 1544 564 pulchritudinem
1585 526 1668 566 que
1703 514 1809 554 adeo

483 580 622 633 placet
647 580 749 620 Deo.
777 581 900 621 Unde
919 581 1051 633 X111²³‚
1077 595 1116 635 q.
1141 581 1196 620 IIa
1221 582 1299 621 sub
1323 583 1578 622 auctoritate
1606 583 1809 637 Cypriani

216 662 352 699 Cypriam
376 662 444 690 iens
484 651 541 690 sic
575 651 795 691 scribitur:
837 651 976 700 Quam
1017 659 1319 706 preposterum
1355 659 1431 703 est,
1464 666 1679 708 quamque
1705 666 1843 707 per-5

219 699 441 767 oiiZtiiffiioi‘io
484 734 670 772 versum,
717 728 760 761 ut
804 735 897 762 cum
948 722 1034 763 Dei
1077 722 1338 763 voluntatem
1379 723 1488 776 fieri
1523 725 1809 777 postulemus,

194 776 303 796 mourn
319 769 369 797 for
384 769 472 796 those
1240 794 1246 800 .

192 804 262 831 who
289 804 365 832 have
391 792 656 845 gonequana'o
701 799 845 832 evocat
890 805 966 833 nos
1005 799 1043 833 et
1083 799 1263 834 accersit
1301 794 1351 834 de
1389 794 1465 834 hoc
1504 795 1678 847 mundo,
1725 809 1807 836 non

274 841 393 869 before.
483 864 623 902 statim
666 864 899 904 voluntatis
938 864 1029 904 eius
1062 864 1242 917 imperio
1267 877 1508 918 pareamus
1540 872 1578 905 et
1603 867 1805 918 pervica-

485 934 595 973 cium
644 947 763 975 more
807 948 1032 975 servorum
1078 934 1135 974 ad
1178 942 1448 988 conspectum
1502 936 1666 976 domini
1710 949 1806 976 cum

486 1005 664 1045 tristicia
718 1011 757 1044 et
808 1018 977 1045 merore
1027 1005 1332 1058 perducimur,
1391 1014 1594 1047 exeuntes
1658 1006 1868 1051 istlzinc10

485 1075 753 1115 necessitatis
780 1076 963 1126 vinculo,
989 1089 1071 1116 non
1095 1077 1328 1117 voluntatis
1351 1076 1565 1131 obsequio,
1600 1078 1809 1132 quomodo

484 1146 682 1186 volumus
714 1146 766 1185 ab
799 1159 846 1186 eo
870 1147 1055 1200 premiis
1093 1148 1317 1188 celestibus
1350 1148 1560 1187 honorari
1592 1148 1649 1188 ad
1686 1161 1807 1202 quem

485 1217 679 1257 venimus
711 1216 843 1258 inviti.
890 1217 1138 1270 Preceptum
1174 1224 1248 1268 est,
1294 1218 1447 1272 inquit,
1487 1231 1512 1257 a
1554 1217 1725 1259 domino
1767 1225 1812 1259 ut

484 1294 696 1328 contester
730 1287 906 1327 assidue
939 1294 978 1327 et
1001 1288 1176 1341 publice
1200 1288 1479 1342 predicarem
1514 1288 1693 1343 fratres
1727 1302 1809 1329 non

484 1372 575 1399 esse
593 1357 804 1414 lugendos
819 1359 1064 1399 accersione
1087 1359 1229 1399 divina
1246 1359 1298 1399 de
1315 1359 1460 1399 seculo
1478 1359 1692 1408 liberatos,
1711 1372 1807 1399 cum
1828 1371 1865 1403 15

484 1430 673 1470 sciamus
701 1443 784 1469 non
808 1430 945 1470 amitti
964 1430 1040 1470 sed
1069 1430 1275 1483 premitti,
1299 1429 1544 1470 recedentes
1577 1430 1628 1470 de
1649 1430 1806 1472 seculo.

544 1500 588 1539 In
638 1501 718 1540 isto
752 1501 867 1540 dicto
907 1501 1074 1539 videtur
1114 1501 1290 1540 innuere
1324 1500 1533 1553 triplicem
1570 1501 1859 1552 racionem2Q,

486 1571 629 1610 Prima
682 1584 729 1610 ex
777 1570 857 1610 hoc
910 1570 1027 1623 quod
1083 1584 1209 1610 nemo
1263 1571 1389 1610 debet
1434 1584 1554 1610 orare
1603 1571 1681 1610 sibi
1728 1571 1807 1624 ipsi

485 1641 708 1693 contrarie,
762 1641 834 1680 sed
888 1654 1060 1680 oramus
1115 1641 1278 1680 Deum:
1330 1640 1431 1680 Fiat
1481 1641 1681 1680 voluntas
1734 1647 1807 1680 tua

485 1711 685 1764 undique,
730 1711 827 1751 ideo
882 1725 964 1750 non
1021 1712 1227 1750 debemus
1274 1711 1378 1751 velle
1427 1711 1526 1751 huic
1579 1712 1803 1752 contrarie.
1823 1731 1866 1753 20

487 1781 682 1822 Secunda
729 1781 841 1821 racio
882 1791 943 1821 est
984 1795 1031 1821 ex
1072 1781 1152 1821 hoc
1192 1782 1308 1835 quod
1342 1791 1515 1836 oportet
1554 1782 1806 1821 salvandum

485 1852 701 1892 meritorie
735 1861 774 1892 et
805 1865 879 1905 per
911 1865 1176 1905 consequens
1214 1853 1452 1892 voluntarie
1487 1853 1571 1907 pati
1604 1861 1804 1892 mortem.

486 1923 636 1963 Tereia
673 1923 786 1963 racio
821 1931 903 1962 stat
937 1923 979 1962 in
1012 1923 1093 1962 isto
1118 1923 1233 1977 quod
1265 1923 1442 1976 diligens
1469 1936 1511 1962 se
1537 1923 1600 1963 vel
1624 1924 1805 1963 alterum

485 1995 610 2034 debet
656 1993 893 2045 gaudenter
926 2003 1145 2046 acceptare
1185 2007 1400 2033 accessum
1437 1993 1525 2033 eius
1564 1993 1803 2047 proprium,

486 2065 595 2104 sicut
640 2073 702 2105 est
746 2077 860 2103 mors
906 2063 1080 2103 cuilibet
1127 2064 1343 2117 salvando,
1379 2072 1419 2104 et
1453 2065 1636 2118 prescito
1670 2063 1803 2103 eciam
1823 2072 1861 2105 25

196 2148 249 2177 Yet
275 2150 323 2177 1110
346 2150 470 2177 etun-011
488 2145 549 2175 est
590 2136 641 2175 ad
678 2136 854 2186 bonum,
897 2147 993 2173 cum
1029 2135 1231 2174 continue
1266 2135 1360 2188 plus
1396 2144 1519 2174 nocet
1554 2134 1727 2174 ecclesie
1766 2143 1806 2174 et

219 2185 449 2248 Igiffioex'smuinteo
486 2205 668 2258 amplius
715 2205 968 2246 demeretur.
1019 2206 1062 2245 ln
1109 2205 1359 2258 oppositum
1393 2214 1491 2245 sunt
1537 2204 1804 2244 consuetudo

292 2255 380 2291 dead,
486 2285 525 2315 et
577 2275 689 2327 leges
744 2276 917 2316 ecclesie
964 2276 1015 2315 de
1059 2289 1158 2315 cura
1203 2276 1365 2328 agenda
1411 2289 1487 2329 pro
1532 2275 1711 2314 mortuis
1765 2283 1806 2314 et

486 2346 765 2386 ecclesiastica
790 2347 1024 2399 sepultura,
1049 2346 1162 2385 unde
1185 2346 1428 2386 oblaciones
1453 2345 1558 2385 Jude
1583 2345 1804 2385 Machabei

484 2417 629 2455 laudat
689 2417 876 2467 ccclesia,
930 2416 1264 2456 Machabeorum
1318 2416 1429 2467 X110‚
1490 2425 1528 2454 et
1588 2416 1803 2468 sepultura
1820 2423 1862 2457 30

487 2497 756 2526 mortuorum
790 2497 1064 2540 computatur
1098 2488 1206 2527 inter
1239 2500 1366 2541 opera
1393 2486 1691 2537 misericordie,
1726 2499 1803 2539 pro

539 2656 566 2684 7.
590 2647 634 2674 A:
655 2648 819 2675 acccrscit:
848 2648 912 2674 scil.
936 2647 1018 2675 Deus
1040 2652 1071 2674 ut
1092 2647 1183 2675 habet
1204 2647 1317 2674 decret.
1480 2655 1512 2674 ιι.
1535 2647 1568 2674 ln
1590 2647 1751 2674 decretali:
1774 2652 1801 2674 et

485 2695 641 2722 volumus.
805 2692 842 2721 13.
873 2694 905 2720 ln
937 2694 1018 2721 decr.
1050 2699 1230 2729 preceptum
1255 2698 1298 2720 est
1329 2697 1360 2720 ut
1391 2697 1581 2720 contestarer
1609 2693 1733 2720 assidue
1761 2698 1802 2720 ut.

486 2741 528 2770 ιώ.
549 2742 581 2768 ln
598 2741 729 2768 decret.:
753 2741 929 2769 recedentes
952 2741 1116 2776 precedere
1137 2762 1142 2768 .
1167 2761 1172 2767 .
1197 2762 1201 2767 .
1366 2748 1406 2773 ¹9-
1433 2741 1460 2767 A
1482 2739 1503 2766 B
1526 2740 1555 2767 in
1578 2747 1696 2775 marg.:
1725 2740 1803 2768 Nota

486 2793 591 2816 contra
619 2789 758 2823 lugentes
784 2791 938 2816 mortuos.
1048 2787 1092 2815 30.
1114 2788 1159 2815 A:
1182 2786 1247 2814 Xll.
1269 2787 1364 2814 deest.

543 2929 574 2960 4.
604 2920 686 2962 Cap.
713 2918 816 2950 XXV.
