2045 3312
277 262 368 291 cm).
391 249 443 309 x]
784 262 841 293 nr:
868 260 1108 293 ECCLESIA.

127 384 262 418 F153b
278 372 360 412 sibi
399 371 655 411 restituatur
687 381 712 406 a
752 367 842 415 tali,
889 379 972 405 non
1018 372 1102 405 tam
1144 364 1366 404 intendens
1392 363 1599 416 fructum

272 442 476 495 pecunie,
507 452 635 493 quam
661 445 707 478 ut
734 438 948 478 hominem
978 435 1174 489 corrigat
1194 436 1265 475 cui
1296 434 1470 474 indubie
1496 447 1600 485 per-

281 514 487 553 niciosum
522 516 585 550 est
605 509 812 556 detincre,
847 520 940 546 cum
975 506 1131 546 habeat
1164 505 1275 544 unde
1307 503 1486 552 redden,-
1517 517 1600 543 non

278 584 417 623 solum
464 594 548 621 non
591 580 790 632 peccabit
834 577 908 618 sed
939 576 1141 630 proderit
1177 576 1418 628 plurimum
1466 575 1601 614 eciam

247 652 484 703 5debit0ri;
519 651 648 690 aliter
680 650 791 689 enim
825 648 925 688 dum
950 648 1140 687 alienam
1167 646 1401 699 pecuniam
1433 645 1601 684 lucrum

282 722 555 777 vultfacere,
577 718 938 773 dampnumfidei
952 718 1168 771 pacietur.
1194 716 1306 757 Cum
1330 729 1428 769 ergo
1458 727 1604 754 sensus

280 802 498 847 pretensus
542 790 668 830 huius
700 789 905 843 privilegii
946 787 1128 828 excludit
1167 787 1274 826 hanc
1313 785 1604 836 elemosinam,

281 878 379 904 cum
401 861 585 915 protegit
607 859 889 901 indifferenter
911 867 1131 912 potentem
1153 867 1193 898 et
1225 857 1443 897 nolentem
1471 854 1605 895 aliena

280 933 451 973 reddere
486 945 616 986 quam
640 930 772 970 eciam
794 930 1076 983 inpotentem,
1100 926 1376 967 manifestum
1406 935 1467 966 est
1490 926 1604 979 quod

227 1030 266 1052 10
282 1003 403 1058 ponit
434 1002 705 1043 obstaculum
735 1000 888 1054 regulis
922 999 1113 1040 caritatis.

182 1091 219 1125 G
240 1091 266 1124 2
339 1075 417 1114 Per
447 1074 524 1113 hec
556 1081 670 1126 patet
694 1071 915 1124 responsio
948 1071 998 1109 ad
1029 1069 1278 1119 secundum,
1313 1081 1411 1107 cum
1445 1066 1606 1105 dictum

1640 1071 1751 1106 Moncy
1788 1072 1875 1098 debis

1622 1116 1691 1135 max⁷
1712 1107 1749 1133 be
1765 1106 1895 1133 claimed

283 1143 437 1184 Christi
459 1143 705 1195 intelligitur
727 1142 777 1181 de
810 1141 952 1181 debito
982 1140 1104 1193 culpe
1137 1139 1255 1179 cuius
1287 1135 1701 1177 satisfactoriamfroin
1720 1143 1807 1168 those
1830 1143 1898 1167 who

283 1214 551 1255 solucionem
584 1212 723 1253 omnis
754 1211 1004 1252 christianus
1036 1219 1202 1250 tenetur
1232 1208 1448 1248 humiliter
1479 1206 1605 1246 iudici

285 1298 484 1338 supremo
518 1282 742 1322 remittere.
778 1281 820 1322 Si
854 1281 967 1321 enim
990 1280 1290 1333 intelligeretur
1322 1279 1371 1317 de
1397 1276 1605 1330 corporali

234 1372 267 1403 ,5
285 1354 440 1405 debito,
486 1363 587 1394 tunc
633 1366 782 1392 omnes
828 1351 1012 1404 religiosi
1056 1348 1355 1404 possessionati
1394 1357 1433 1387 et
1472 1346 1606 1387 clerici

284 1434 525 1465 tenerentur
556 1437 603 1462 ex
625 1422 843 1476 privilegio
868 1421 1022 1462 Christi
1046 1434 1132 1474 quo
1162 1419 1343 1472 amplius
1367 1417 1609 1470 obligantur

284 1497 372 1536 eius
405 1493 591 1535 consiliis
631 1503 670 1533 et
708 1492 929 1546 preceptiS,
968 1491 1179 1531 remittere
1223 1499 1264 1530 et
1303 1502 1390 1528 non
1423 1497 1607 1541 repetere

284 1579 411 1606 omne
443 1565 500 1604 eis
538 1563 729 1604 debitum
768 1562 1006 1615 corporale3
1052 1571 1091 1601 et
1123 1570 1263 1600 tamen
1306 1559 1457 1599 dicitur
1489 1558 1607 1612 quod

286 1637 373 1676 sine
405 1633 690 1675 misericordia
729 1633 900 1686 exigunt
940 1632 1073 1672 eciam
1109 1631 1160 1671 ab
1197 1629 1488 1684 inpotentibus
1526 1628 1608 1668 tale

230 1733 271 1754 20
287 1706 476 1746 debitum
510 1718 582 1758 per
617 1703 859 1744 exacciones
883 1702 1087 1742 seculares
1119 1712 1159 1742 et
1191 1700 1488 1741 ecclesiasticas
1512 1713 1607 1739 cen-

286 1791 401 1817 suras
434 1774 651 1815 ardencius
685 1787 816 1827 quam
848 1772 1011 1812 domini
1042 1772 1259 1811 seculares.
1294 1772 1392 1810 Non
1425 1783 1524 1822 ergo
1549 1778 1609 1809 est

288 1848 344 1886 eis
377 1845 644 1899 privilegium
686 1844 825 1884 fovere
863 1843 1004 1883 hostes
1045 1842 1230 1893 ecclesie,
1274 1855 1326 1880 ne
1372 1840 1447 1879 sibi
1488 1839 1606 1878 satis-

289 1917 455 1966 faciant,
490 1929 588 1955 cum
610 1924 752 1954 tamen
775 1913 999 1964 sufficiant,
1033 1912 1129 1966 quia
1155 1910 1220 1967 (ut
1244 1911 1342 1951 alias
1366 1909 1468 1966 dixi)
1494 1912 1607 1950 Deus

290 2001 376 2027 non
409 1995 547 2039 potest
569 1984 788 2024 licenciare
810 1983 1046 2033 hominem,
1081 1992 1126 2022 ut
1150 1991 1285 2022 servet
1309 1981 1499 2021 debitum
1522 1981 1609 2020 sine

232 2071 271 2102 25
289 2058 369 2097 hoc
402 2056 517 2110 quod
550 2054 772 2094 satisfaciat
805 2054 953 2093 saltem
986 2054 1089 2104 Deo,
1135 2052 1233 2106 quia
1277 2052 1351 2090 nisi
1387 2051 1610 2091 satisfaciat

288 2126 556 2167 restitucione
589 2125 654 2164 vel
687 2124 899 2163 meritoria
928 2122 1171 2176 punicione,
1205 2132 1265 2162 est
1298 2122 1609 2174 dampnandus.

290 2198 402 2236 Deus
435 2204 577 2236 autem
610 2208 696 2234 non
736 2202 876 2247 potest
914 2193 1132 2233 licenciare
1172 2193 1391 2232 hominem
1432 2192 1483 2230 ad
1515 2205 1610 2244 pec-

290 2268 494 2318 candum3
538 2266 618 2305 hoc
666 2274 810 2304 autem
858 2264 964 2303 foret
1014 2263 1284 2316 privilegium
1330 2263 1399 2302 tali
1441 2261 1612 2301 ecclesie

203 2351 275 2383 1532·
290 2338 407 2391 quod
438 2337 607 2376 haberet
646 2350 670 2374 a
713 2335 799 2374 suis
839 2334 1028 2388 patronis
1050 2331 1073 2355 ²³
1096 2332 1302 2373 seculares
1347 2332 1517 2371 divicias
1561 2332 1613 2370 ad

232 2422 274 2453 230
291 2407 618 2447 ministrandum
670 2404 853 2458 fugitivis
904 2404 1211 2457 impotentibus
1264 2418 1305 2442 se
1368 2403 1519 2455 iuvare,
1575 2412 1614 2441 et

293 2478 520 2532 (quantum
552 2476 726 2516 facultas
759 2472 964 2529 suppetit)
999 2488 1075 2527 pro
1108 2474 1207 2526 ipsis
1240 2474 1468 2524 restituere,
1515 2472 1613 2525 quia

291 2549 373 2587 hoc
405 2556 572 2586 sonaret
594 2546 807 2598 utrimque
831 2545 871 2583 in
897 2558 1005 2597 opus
1028 2543 1326 2595 misericordie,
1360 2558 1446 2583 non
1471 2553 1613 2582 autem

293 2617 480 2658 defensio
544 2617 833 2670 cuiuscunque
896 2614 1060 2667 fugitivi
1124 2613 1436 2667 quantumlibet
1491 2627 1612 2653 exco-

347 2823 368 2841 1.
393 2815 438 2842 A:
459 2813 602 2841 intendes
622 2813 680 2847 Al:
700 2810 903 2839 intendendo.
1045 2811 1070 2838 5.
1088 2812 1201 2846 A.A1:
1223 2811 1310 2838 aliter
1331 2810 1411 2837 enim
1429 2825 1459 2828 —-
1476 2808 1614 2843 pacietur

296 2862 390 2889 deest.
533 2868 572 2886 21.
593 2860 622 2886 A
642 2859 672 2886 in
694 2865 810 2892 marg:
841 2855 1022 2884 Conclusio,
1166 2866 1211 2892 27.
1234 2856 1353 2884 Codd.:
1386 2857 1467 2882 heus
1491 2859 1611 2887 autc-1113

296 2907 426 2936 rectius:
448 2908 531 2935 Deus
552 2906 646 2934 enim.

1689 1185 1745 1204 cau
1767 1185 1835 1212 pay.
