2045 3312
171 274 243 312 162
885 275 1113 310 JOHANNIS
1139 273 1333 307 WYCLIF.
1573 255 1680 314 [cm.
1701 265 1779 293 viii.

454 384 612 424 dolose.
647 383 778 423 Aliter
810 383 923 422 enim
956 390 1061 421 esset
1093 382 1189 420 dare
1221 379 1350 418 finem
1381 390 1455 417 sue
1488 373 1776 415 mendacitatis
1797 385 1874 418 151'·
1895 383 1926 415 G

455 455 674 507 immense,
714 467 847 508 usque
879 453 931 493 ad
965 465 1093 505 quem
1126 460 1165 490 et
1204 463 1289 489 non
1336 449 1443 488 ultra
1482 445 1623 500 potuit
1655 445 1774 483 dece-

455 525 584 579 pisse;
629 526 744 579 quod
777 524 900 564 credo
934 536 1021 562 non
1053 521 1231 572 dabitur,
1271 532 1368 559 cum
1401 516 1551 557 dicitur
1584 527 1776 555 commu-

457 596 562 636 niter
601 596 716 649 quod
756 595 807 634 sit
850 593 1061 633 infinitum
1109 590 1343 631 misericors
1376 589 1446 628 sed
1479 587 1592 627 finite
1639 585 1779 625 solum

457 668 589 707 modo
623 666 853 705 miserator.
1799 665 1814 697 5

220 747 268 775 No
287 753 390 773 worse
518 739 739 786 Quantum
780 735 831 774 ad
875 733 964 772 illas
1010 732 1113 771 duas
1153 728 1386 770 evidencias
1419 727 1535 782 quod
1569 725 1830 768 debuisse-D

192 782 333 810 doctrine
354 789 417 808 was

167 827 237 880 cvsseir
254 816 443 879 liffilr‘t‘ffinqd-
459 822 554 847 mus
602 805 769 846 mentiri
813 811 959 844 contra
996 801 1284 842 iuramentum
1317 807 1512 838 nostrum
1543 806 1629 836 tam
1665 795 1781 848 pium

187 887 432 950 ¹i¹<itn⁸ge1si³¹1¹iii=¹t
459 887 585 932 atque
629 875 867 929 legitimum
915 886 1057 913 coram
1102 870 1278 912 consilio
1325 868 1429 922 regis
1469 866 1612 915 nostri,
1647 866 1782 905 Deum

169 959 277 993 Kina's
299 955 443 983 Council.
461 956 673 988 contestor
711 954 750 985 et
782 944 959 984 numina
992 943 1106 996 quod
1139 942 1244 982 inter
1285 953 1433 980 omnes
1473 936 1683 977 doctrinas
1721 935 1784 974 Vel

462 1016 635 1057 consilia
668 1029 750 1069 que
793 1013 934 1054 audivi
979 1027 1066 1052 non
1111 1011 1291 1051 occurrit
1330 1008 1433 1049 mihi
1475 1007 1646 1061 aliquod
1679 1004 1846 1049 disti-10

463 1087 580 1128 cilius
617 1095 689 1126 aut
721 1083 1018 1125 detestabilius.
1054 1083 1152 1121 Ideo
1186 1081 1350 1120 videtur
1381 1077 1482 1118 mihi
1507 1076 1787 1130 quodminus

464 1157 573 1198 male
618 1155 756 1209 potuit
800 1154 926 1194 fuisse
973 1152 1135 1192 dictum
1172 1151 1223 1190 ad
1263 1158 1426 1203 partem
1461 1161 1590 1201 quam
1623 1145 1789 1200 publice

464 1229 521 1268 sic
565 1228 606 1267 in
655 1225 792 1277 scolis,
826 1239 926 1264 nam
959 1224 1015 1264 sic
1048 1222 1261 1263 menciens
1296 1219 1515 1260 manifeste
1554 1216 1792 1257 incurrisset

466 1297 697 1353 periurium
743 1306 783 1337 et
827 1294 1046 1335 infamiam
1092 1307 1221 1347 quam
1255 1292 1423 1342 vitabat,
1459 1298 1497 1330 et
1529 1288 1584 1328 ita
1620 1287 1790 1328 conclu-

467 1368 585 1408 sisset
644 1366 920 1420 culpabiliter,
984 1364 1219 1404 secundum
1271 1370 1431 1401 metam
1482 1357 1850 1412 redargucionis15

467 1440 651 1480 maxime
684 1438 760 1478 sibi
794 1437 886 1491 ipsi.
920 1437 1018 1476 Ideo
1051 1435 1193 1475 minus
1226 1433 1389 1472 malum
1411 1439 1473 1472 est
1495 1430 1583 1470 sine
1607 1430 1794 1482 dampno

469 1510 607 1550 anime
639 1508 851 1562 pacienter
882 1506 966 1560 pati
1001 1505 1285 1545 detracciones
1331 1511 1370 1542 et
1413 1499 1620 1549 scandala,
1667 1512 1795 1552 quam

470 1580 721 1620 menciendo
756 1587 795 1618 et
834 1590 908 1630 per
948 1589 1212 1629 consequens
1245 1572 1483 1613 iniuriando
1515 1570 1592 1610 toti
1625 1569 1791 1609 univer-

472 1651 579 1692 sitati
621 1658 768 1700 create,
809 1647 1019 1687 offendere
1052 1645 1280 1686 dominum
1311 1642 1508 1683 veritatis.
1554 1641 1652 1680 Non
1685 1638 1797 1678 enim

182 1720 705 1795 Nssn‘gffissccjmiff’eymaglssasi
751 1727 892 1772 potest
936 1731 1054 1757 casus
1099 1730 1174 1756 nec
1221 1713 1397 1754 inveniri
1442 1711 1592 1752 ficticia
1636 1710 1678 1749 in
1711 1722 1797 1762 quo
1815 1729 1857 1752 20

209 1792 432 1861 'axvhgiltltlhtgtliss'
476 1793 539 1831 vel
586 1805 669 1845 qua
716 1789 878 1829 licitum
913 1797 972 1828 est
1005 1786 1186 1837 mentiri,
1219 1785 1353 1825 immo
1387 1791 1596 1824 crescente
1627 1780 1799 1820 menda-

475 1862 540 1902 cio
584 1860 717 1900 eciam
770 1859 812 1898 in
860 1859 968 1899 clero
1015 1858 1110 1911 plus
1155 1855 1279 1896 solito
1325 1863 1432 1894 esset
1466 1866 1574 1906 opus
1619 1848 1803 1890 doctoris

476 1931 662 1986 proferre
695 1931 746 1970 de
778 1930 977 1970 thesauro
1011 1927 1214 1980 scripture
1237 1925 1262 1954 ²³²
1284 1925 1473 1965 raciones
1498 1932 1537 1963 et
1559 1930 1805 1962 sanctorum
1826 1927 1901 1962 151¹*

476 2002 719 2043 testimonia
734 2001 776 2040 in
794 1998 1123 2040 detestacionem
1141 1995 1349 2036 mendacii
1366 2004 1406 2035 et
1425 2007 1509 2033 non
1528 1992 1667 2032 fovere
1682 2003 1799 2030 men-

478 2073 646 2113 dacium
661 2070 890 2111 mendaciis
904 2068 1212 2122 allegacionum
1227 2075 1266 2106 et
1283 2064 1519 2118 sophisticis
1534 2060 1804 2116 argumentis
1823 2070 1862 2104 25

479 2144 570 2196 Ego
587 2142 746 2196 quippe
762 2140 974 2179 horrerem
996 2139 1261 2178 introducere
1276 2135 1435 2175 scolam
1450 2134 1571 2173 istam
1589 2142 1807 2184 tamquam

480 2213 628 2252 doctor
651 2210 871 2261 mendacii,
905 2223 1004 2249 cum
1027 2222 1074 2247 ex
1099 2207 1318 2260 fragilitate
1350 2204 1474 2244 nimis
1506 2203 1630 2256 proni
1662 2212 1809 2241 sumus

481 2283 532 2322 ad
561 2282 640 2321 hoc
675 2281 762 2320 sine
795 2279 1053 2319 abduccione
1087 2276 1303 2331 peregrina
1336 2288 1409 2328 per
1441 2273 1663 2314 scienciam
1696 2284 1809 2311 men-

482 2352 638 2400 ciendi3
669 2352 818 2391 doctor
840 2349 996 2403 itaque,
1021 2349 1176 2388 docens
1200 2347 1315 2401 quod
1340 2345 1503 2385 licitum
1537 2352 1598 2383 est
1629 2340 1809 2391 mentiri,

481 2422 709 2476 inperfecte
742 2419 944 2474 procedit,
986 2418 1061 2457 nisi
1102 2418 1250 2457 doceat
1288 2416 1511 2470 quomodo
1552 2412 1717 2451 licitum
1750 2418 1810 2449 est
1826 2420 1868 2453 30

483 2492 664 2543 mentiri,
712 2500 751 2530 et
798 2504 871 2544 per
923 2501 1202 2542 consequens,
1256 2486 1333 2525 nisi
1387 2486 1533 2524 doceat
1588 2481 1809 2536 quomodo

485 2565 688 2603 debemus
738 2559 918 2611 mentiri,
968 2568 1008 2598 et
1056 2559 1112 2598 sic
1146 2557 1382 2597 secundum
1414 2554 1573 2594 scolam
1605 2549 1812 2592 mendacii

488 2635 593 2674 foret
637 2631 844 2672 laudabile
890 2630 1056 2670 mentiri
1089 2629 1288 2681 fingendo
1323 2626 1422 2665 false
1455 2625 1647 2663 doctores
1680 2629 1812 2660 extra-

544 2782 613 2812 §.1³
640 2783 670 2809 in
699 2788 795 2812 marg.
825 2788 906 2807 man.
936 2779 1006 2806 alt.:
1038 2778 1214 2805 Misericors
1243 2780 1287 2803 est
1308 2774 1390 2802 Deus
1412 2772 1538 2807 infinite,
1566 2770 1619 2798 sed
1652 2769 1734 2797 sinite
1766 2773 1810 2795 cst

490 2830 665 2857 miserator.
812 2825 840 2853 8.
870 2826 890 2852 13
912 2825 941 2852 in
965 2832 1060 2858 marg.
1090 2831 1171 2850 man.
1201 2823 1271 2849 alt.:
1301 2820 1395 2847 Jurat.
1533 2825 1570 2852 17.
1599 2817 1626 2843 A
1647 2817 1675 2843 in
1699 2823 1814 2849 marg:

493 2876 672 2904 Conclusio.
816 2881 863 2900 20.
895 2873 914 2898 R
938 2872 966 2898 in
990 2879 1086 2905 marg.
1117 2877 1199 2897 man.
1231 2868 1299 2895 alt.:
1326 2866 1407 2894 Nota
1438 2865 1474 2892 de
1506 2872 1567 2891 non
1590 2861 1815 2890 committendo

493 2923 669 2950 mendacio.
815 2918 857 2946 23.
880 2919 922 2945 A:
945 2918 1106 2947 thezauro:
1128 2917 1172 2943 sic
1193 2920 1220 2942 ct
1243 2915 1271 2941 in
1295 2912 1506 2948 sequentibus,
