2045 3312
121 271 176 312 94
836 266 1061 301 JOHANNIS
1089 265 1289 299 WYch.
1584 247 1692 307 [cim
1703 259 1742 287 v.

405 375 506 415 tales
552 374 819 427 particulares
867 372 1055 412 ecclesie:
1112 372 1207 411 ideo
1256 371 1419 410 decreta
1473 367 1643 408 ecclesie
1689 375 1884 419 etr4l¹'B

407 445 538 486 sancti
570 445 765 484 doctores
798 456 885 483 non
918 443 1072 482 debent
1103 455 1254 482 vocare
1286 440 1401 480 illam
1434 438 1729 493 particularem

406 525 446 556 et
477 529 708 569 pauperem
731 513 949 555 ecclesiam
972 513 1028 553 sic
1061 520 1237 552 artatam
1259 510 1302 550 in
1323 510 1480 563 angulo
1514 508 1732 550 ecclesiam

116 580 392 644 ἓζῑΐῑὲξῑηῗῗξθῃζῇξί
406 595 595 627 sanctam
635 585 896 625 catholicam.
931 584 1269 636 Verumptamen
1309 580 1342 620 si
1382 595 1491 634 papa
1534 589 1581 620 ut
1629 579 1733 619 olim

152 645 520 722 ¹‘0Jffee352r‘ffleifiregat
562 657 680 695 illam
725 656 960 695 secundum
992 654 1130 707 legem
1175 651 1331 693 Christi
1369 651 1652 705 principaliter
1695 658 1767 691 et5

187 722 312 758 sigflssy·
408 726 635 781 capitaliter
666 734 753 765 tam
784 725 827 764 in
850 724 1040 765 moribus
1073 737 1202 778 quam
1234 723 1277 762 in
1310 722 1447 762 dubiis
1480 721 1735 773 decidendis,

407 807 508 837 tunc
542 811 641 837 cum
676 810 754 836 suo
799 795 976 850 collegio
1021 803 1161 848 potest
1193 793 1273 833 dici
1306 792 1535 833 virtualiter
1567 793 1733 832 univer-

408 868 503 907 salis
526 867 753 907 ecclesiain
773 866 935 907 effectu.
961 866 1042 906 Sed
1073 865 1150 905 hec
1183 873 1243 904 est
1266 864 1408 904 solum
1439 877 1513 917 per
1544 863 1734 902 accidens

409 938 651 991 dependens
684 938 734 976 ab
767 950 893 991 opere
927 945 967 976 et
999 949 1086 975 non
1119 950 1142 974 a
1174 935 1291 974 nudo
1324 934 1512 974 nomine.

466 1010 588 1049 Unde
637 1007 702 1064 (ut
725 1008 808 1047 dixi
842 1004 1054 1063 superius)
1088 1006 1203 1046 solus
1237 1005 1429 1046 Christus
1460 1012 1600 1058 potest
1647 1016 1734 1042 esse
1755 1022 1793 1043 10

408 1088 534 1132 caput
574 1079 746 1119 ecclesie
787 1087 927 1118 sancte
973 1077 1191 1118 catholice.
1224 1076 1330 1129 Ipsa
1375 1076 1488 1116 enim
1529 1073 1594 1128 (ut
1637 1073 1736 1113 dicit

406 1150 672 1202 Augustinus
705 1150 746 1189 in
786 1149 965 1202 epistola
1007 1149 1059 1188 ad
1104 1146 1368 1201 Dardanum)
1402 1143 1527 1186 lza'bet
1573 1144 1734 1185 solum-

411 1221 536 1261 modo
571 1235 702 1260 unum
738 1227 890 1273 caput;
923 1233 998 1260 nec
1022 1227 1166 1259 movet
1199 1218 1316 1272 quod
1337 1216 1573 1270 respublica
1613 1215 1739 1254 habet

118 1003 175 1030 But
196 1001 269 1037 only
290 1000 394 1028 Christ

116 1046 171 1066 can
196 1038 231 1064 be
248 1038 284 1065 its
298 1036 392 1069 head;

411 1292 709 1345 imperatorem
755 1300 795 1331 et
840 1304 994 1344 papam
1042 1289 1178 1343 capita
1223 1302 1360 1329 unum
1411 1285 1737 1327 subordinatum

411 1362 526 1402 alteri
562 1361 627 1417 (ut
659 1361 940 1415 exemplificat
973 1360 1174 1400 dominus
1208 1355 1535 1411 Ardmacanus).
1758 1362 1794 1395 15

120 1433 397 1504 ἑῖῡῐὲῇζῇῃῐξιθῇξῑί
470 1434 580 1472 Nam
613 1441 739 1485 caput
770 1432 906 1471 tocius
940 1431 1111 1471 ecclesie
1151 1438 1319 1483 oportet
1358 1428 1484 1468 simul
1522 1427 1565 1466 in
1603 1438 1739 1466 unum

156 1506 371 1532 ⁵001¹¹²¹ss¹¹¹e·
413 1503 650 1556 exemplare
689 1512 777 1542 tam
821 1502 1035 1556 spirituale
1073 1515 1203 1555 quam
1247 1499 1431 1540 seculare
1463 1511 1655 1552 regnum,
1701 1504 1739 1534 et

414 1588 512 1614 cum
546 1574 626 1613 hoc
658 1587 835 1626 regnum
869 1572 1066 1612 ierarchie
1099 1571 1261 1611 celestis
1301 1570 1352 1609 ad
1393 1569 1509 1623 quod
1548 1566 1740 1607 officium

414 1644 530 1684 nulla
573 1644 653 1683 alia
685 1653 872 1684 creatura
911 1651 1049 1696 potest
1095 1641 1312 1694 attingere.
1360 1639 1483 1680 Unde
1530 1638 1636 1677 bene
1680 1645 1741 1676 est

413 1728 535 1767 pape,
569 1714 600 1753 si
643 1714 769 1754 habet
808 1728 830 1752 a
875 1712 1044 1754 Christo
1082 1711 1282 1751 virtutem
1325 1710 1377 1749 ad
1419 1708 1653 1762 regendum
1699 1719 1740 1745 se
1757 1722 1799 1744 20

412 1784 555 1837 ipsum
579 1794 617 1824 et
640 1784 842 1837 pauculas
876 1797 974 1823 oves
1008 1782 1049 1821 in
1073 1780 1372 1835 spiritualibus,
1394 1779 1490 1819 licet
1522 1791 1608 1817 non
1631 1777 1739 1817 blas-

135 1854 385 1917 Ttlgesfiffef‘gffls
413 1855 586 1907 phemet
610 1855 727 1908 quod
745 1854 796 1894 sit
818 1862 945 1907 caput
968 1851 1209 1893 universalis
1243 1849 1414 1890 ecclesie
1451 1850 1561 1902 paris
1600 1857 1739 1902 potes-

169 1920 359 1961 spirituallyJ
412 1925 508 1964 tatis
554 1938 653 1964 cum
697 1924 880 1965 Christo.
933 1924 1021 1964 Nec
1068 1923 1191 1962 debet
1236 1921 1324 1960 eius
1371 1919 1547 1960 vicarius
1592 1919 1742 1959 sentire

413 1995 593 2035 heretice
626 1996 743 2048 quod
776 2003 892 2049 regat
924 1993 1151 2047 parcialem
1183 1990 1402 2031 ecclesiam
1432 1989 1622 2030 viantem
1654 1998 1742 2028 tam

415 2065 654 2105 seculariter
697 2079 828 2119 quam
871 2063 1164 2118 spiritualiter,
1214 2062 1319 2101 dum
1364 2060 1555 2100 Christus
1602 2060 1798 2100 solum25

416 2135 686 2188 spiritualiter
718 2135 820 2175 rexit
843 2144 1067 2188 utramque
1090 2132 1321 2173 ecclesiam.
1347 2131 1446 2170 Ideo
1469 2129 1623 2170 sufficit
1655 2130 1743 2169 eius

415 2206 569 2245 vicario
602 2206 721 2259 quod
752 2214 839 2245 tam
872 2205 914 2244 in
952 2203 1259 2258 temporalibus
1299 2215 1429 2255 quam
1466 2200 1508 2239 in
1548 2199 1742 2253 spiritua-

418 2276 527 2315 libus
560 2285 675 2329 regat
707 2275 977 2328 spiritualiter
999 2274 1086 2315 eius
1110 2271 1393 2314 iuvenculam.
1428 2271 1539 2310 Nam
1560 2270 1742 2310 vivendo

418 2346 656 2386 seculariter
700 2345 892 2386 Christus
937 2358 1024 2385 non
1057 2343 1198 2398 potuit
1240 2342 1476 2395 exemplare
1514 2350 1745 2394 utrumque

419 2415 625 2457 officium.
661 2416 898 2466 Quomodo
932 2429 1030 2469 ergo
1063 2414 1152 2454 eius
1184 2408 1387 2453 vicarius?
1761 2414 1803 2446 30

475 2597 515 2617 ιο.
536 2590 564 2617 Α
586 2588 615 2616 in
638 2596 755 2623 marg-z
783 2587 912 2615 Solucio
933 2586 1085 2615 obiectus.
1106 2585 1198 2614 Solus
1221 2584 1364 2613 Christus
1403 2588 1448 2611 est
1485 2587 1578 2619 caput
1615 2581 1744 2610 ecclesie

419 2641 524 2664 sancte
544 2635 703 2663 catholice.
847 2643 887 2668 η..
910 2634 948 2662 B:
970 2641 1066 2661 unum
1088 2632 1192 2660 scribo
1215 2630 1386 2659 animatum
1408 2630 1503 2658 alteri.
1646 2629 1683 2658 15.
1706 2628 1744 2655 B:

420 2683 568 2711 dominus
590 2681 822 2710 Dardinandus.
937 2689 983 2714 21.
1000 2681 1027 2708 Α
1042 2680 1072 2707 in
1088 2687 1202 2715 marga
1227 2678 1356 2707 Solucio
1377 2677 1528 2705 obiectus.
1552 2677 1633 2711 Papa
1654 2675 1744 2703 debet

420 2730 620 2766 spiritualiter
634 2737 740 2763 regere
754 2734 917 2764 utramque
938 2732 1057 2763 partem
1079 2725 1208 2754 ecclesie
1235 2730 1263 2754 et
1283 2732 1343 2753 non
1373 2723 1560 2752 seculariter.
1649 2721 1697 2750 28.
1718 2723 1747 2750 A

419 2776 449 2804 in
471 2784 583 2812 marg.:
607 2775 788 2804 Conclusio.

488 2931 537 2953 12.
565 2922 617 2952 (Is.
644 2921 738 2963 Opp.
766 2920 854 2961 Aug.
882 2919 920 2960 11,
948 2928 1024 2961 pag.
1052 2916 1129 2961 (378.
