2045 3312
242 226 334 254 cmx
360 214 397 272 r]
755 228 813 259 DE
840 228 1076 259 ECCLEsm.
1805 222 1853 259 23

89 344 128 378 R
150 334 420 376 131⁵²declarat
440 333 633 374 XXV1110
656 332 881 371 Moralium
906 346 994 386 cap.
1011 332 1102 387 XI),
1127 333 1268 373 dicens
1297 336 1427 387 quod,
1452 337 1561 376 sicut
1578 345 1625 385 No
1642 344 1854 384 localclmrqn

243 405 434 444 membra
467 404 666 455 corporis
699 416 782 442 non
811 409 910 443 sunt
942 404 1083 456 ipsum
1117 416 1293 456 corpus,
1333 405 1395 444 sic
1418 408 1560 457 parti-
1578 381 1855 444 ¹xs=eti¹521giilii1ruc¹i1¹s

240 476 412 515 culares
456 474 633 514 ecclesie
679 486 762 513 non
807 480 908 513 sunt
948 474 1025 513 illa
1058 481 1208 514 sancta
1243 475 1440 522 ecclesia,
1488 476 1565 516 sed

240 543 305 595 (ut
335 545 455 584 docet
486 544 708 596 apostolus
742 549 780 582 10
807 543 905 583 Cor.
931 541 1039 593 XII,
1073 542 1136 598 12)
1171 545 1365 584 membra
1399 545 1504 585 eius.

206 623 222 655 5
297 613 387 653 Istis
421 613 568 667 positis
614 613 708 653 dico
754 614 871 667 quod
915 627 991 653 nec
1040 613 1241 653 dominus
1273 615 1564 656 Ardmacanus

239 698 315 724 nec
336 684 485 737 aliquis
509 685 657 723 doctor
681 683 910 723 catholicus
933 683 1056 724 debet
1079 697 1259 724 asserere
1281 686 1398 738 quod
1415 685 1565 739 aliquis

239 754 485 795 christianus
518 754 569 794 sit
591 762 716 807 caput
738 753 981 793 universalis
1004 755 1075 794 sed
1098 754 1356 807 particularis
1382 755 1564 807 ecclesie,

239 839 337 865 cum
368 838 453 865 non
488 825 538 864 sit
571 824 705 864 color:
742 825 836 863 Hoc
870 833 997 877 caput
1029 833 1089 864 est
1111 825 1221 864 illius
1245 825 1429 877 ecclesie,
1463 839 1561 879 ergo

238 895 318 935 hoc
352 904 413 935 est
446 903 571 948 caput
602 894 713 934 illius
747 894 937 945 ecclesie3
971 908 1046 934 nec
1079 903 1139 934 est
1163 895 1297 935 color:
1331 895 1373 935 Si
1394 895 1476 935 hoc
1501 904 1561 935 est

184 985 222 1006 10
238 974 364 1019 caput
394 965 520 1018 partis
552 965 663 1005 illius
703 963 887 1015 ecclesie,
939 978 1037 1018 ergo
1070 964 1151 1005 hoc
1184 974 1245 1005 est
1277 974 1403 1018 caput
1445 965 1556 1005 illius

237 1035 419 1078 ecclesie.
471 1036 536 1075 Sic
577 1035 691 1074 enim
737 1034 877 1074 omnis
921 1034 982 1074 vir
1014 1034 1121 1074 foret
1163 1044 1289 1088 caput
1321 1035 1411 1087 Dei,
1458 1035 1566 1076 sicut

237 1106 376 1146 omnis
426 1106 609 1159 prelatus
667 1104 839 1144 inferior
897 1104 1003 1144 foret
1067 1114 1193 1158 caput
1251 1119 1324 1145 sue
1382 1105 1564 1146 matricis

237 1175 419 1216 ecclesie.

193 1257 221 1289 S
295 1247 377 1287 Sed
400 1246 618 1300 apostolus
649 1246 896 1286 contradicit
920 1245 1006 1285 istis
1030 1245 1222 1297 arguciis,
1254 1251 1292 1284 10
1312 1246 1409 1286 Cor.
1429 1246 1499 1297 XI,
1526 1245 1563 1296 3,

185 1317 399 1359 15dicens:
439 1315 540 1357 Volo
575 1323 715 1356 autem
749 1330 821 1356 vos
853 1317 966 1356 scire
999 1315 1113 1368 quod
1144 1317 1285 1356 omnis
1317 1317 1401 1356 viri
1432 1323 1565 1368 caput

237 1394 297 1427 est
333 1387 541 1436 Christus,
585 1395 715 1440 caput
757 1394 899 1427 autem
942 1388 1138 1427 mulieris
1171 1388 1251 1435 vir,
1297 1394 1427 1440 caput
1462 1401 1563 1427 vero

242 1459 400 1498 Christi
431 1458 563 1498 Deus.
618 1458 662 1496 In
708 1471 794 1511 quo
840 1458 952 1497 dicto
991 1466 1105 1510 patet
1149 1457 1256 1497 ordo
1296 1457 1483 1510 capitum
1524 1468 1563 1497 et

238 1528 421 1568 deteccio
454 1528 623 1568 illarum
655 1527 926 1569 fallaciarum.
974 1527 1087 1577 Quia
1119 1527 1237 1567 aliter
1269 1541 1375 1581 eque
1409 1527 1562 1568 diceret

237 1608 405 1639 econtra
437 1599 553 1652 quod
585 1607 711 1651 caput
735 1597 889 1638 Christi
923 1607 962 1637 et
986 1598 1061 1637 Dei
1094 1597 1200 1637 foret
1232 1607 1319 1637 tam
1342 1597 1402 1636 vir
1435 1612 1563 1651 quam

180 1669 398 1712 zomulier.
452 1669 636 1709 Ecclesia
678 1669 821 1722 itaque
854 1668 1069 1720 catholica,
1117 1668 1353 1707 secundum
1392 1669 1563 1708 beatum

237 1740 488 1793 Gregorium
526 1753 650 1792 super
682 1739 753 1778 illo
777 1738 949 1778 Matthei
974 1739 1145 1790 XXIIIO,
1182 1738 1256 1790 34:
1297 1739 1408 1779 Ecce
1441 1740 1558 1779 mitto
1637 1751 1788 1788 Gregory.

237 1810 292 1850 ad
325 1823 398 1850 vos
429 1811 644 1862 sapientes
677 1816 716 1849 et
746 1809 925 1859 scribas,
949 1818 1008 1848 est
1039 1808 1160 1849 vinea
1190 1809 1352 1848 domini
1376 1810 1562 1863 plantata
1631 1832 1723 1860 What
1743 1834 1794 1861 the

238 1895 259 1919 a
293 1879 498 1933 principio
533 1879 680 1918 mundi
714 1893 848 1932 usque
880 1880 931 1918 ad
964 1878 1094 1918 finem
1127 1879 1393 1929 fructificans,
1435 1889 1559 1933 quot·
1625 1869 1749 1897 Cliurch
1772 1870 1807 1897 ἰδ’

237 1959 343 2003 quot
388 1958 553 1989 sanctos
598 1949 731 2002 gignit
774 1958 837 1988 tot
876 1949 1069 2001 palmites
1109 1949 1317 2002 producit.
1372 1950 1425 1989 Et
1457 1950 1562 1990 sicut

182 2030 364 2063 25nemo
410 2029 469 2059 est
514 2019 755 2059 naturaliter
795 2029 921 2072 caput
958 2019 1100 2059 matris
1139 2034 1211 2059 sue
1252 2020 1321 2059 sed
1355 2033 1449 2072 pars
1483 2020 1561 2059 nisi

238 2090 447 2131 Christus:
471 2090 527 2129 sic
551 2091 691 2129 nullus
715 2089 896 2129 aliorum
917 2099 1161 2130 sanctorum
1185 2099 1245 2130 est
1268 2099 1393 2143 caput
1416 2091 1559 2130 matris

240 2161 409 2200 ecclesie
433 2162 505 2200 sed
531 2161 784 2200 membrum.
820 2160 885 2200 Sic
905 2160 1018 2199 enim
1041 2160 1140 2200 dicit
1163 2161 1309 2200 beatus
1334 2160 1561 2213 Gregorius
1576 2184 1643 2212 The
1669 2185 1772 2213 Saints
1802 2194 1853 2213 are

238 2231 328 2285 tubi
361 2230 504 2286 supra)
545 2233 662 2285 quod
695 2232 839 2271 beatus
871 2231 962 2282 Job,
1005 2231 1148 2270 beatus
1182 2231 1327 2269 Petrus
1367 2240 1406 2270 et
1439 2231 1559 2270 ceteri
1576 2221 1851 2291 Οἳᾞὶζῑζῖἶῗξξξξζῇ)

237 2315 438 2354 precones
471 2301 613 2341 matris
647 2301 817 2341 ecclesie
850 2310 947 2340 sunt
970 2315 1016 2340 os
1042 2300 1143 2353 eius,
1178 2309 1217 2340 et
1241 2301 1431 2352 breviter,
1466 2302 1558 2354 qui-
1623 2296 1676 2318 Ποῖ
1697 2291 1803 2318 1183ἀὶ

296 2422 315 2442 1.
330 2415 397 2442 Ain
415 2423 517 2449 margz
534 2414 730 2442 Particularis
746 2415 875 2442 ecclesia
891 2423 952 2442 non
967 2420 1011 2442 est
1027 2414 1209 2442 universalis
1224 2415 1273 2442 illa
1289 2423 1401 2449 magna
1417 2414 1558 2443 ecclesia.

237 2463 258 2488 Β
280 2461 309 2489 in
331 2469 433 2496 marg:
456 2461 593 2488 Ecclesie
614 2461 815 2497 particulares
837 2469 930 2489 unam
951 2461 1137 2489 catholicam
1153 2461 1356 2489 constituunt.
1451 2471 1478 2495 ,μ
1494 2461 1515 2488 Β
1531 2461 1561 2489 in

237 2516 338 2543 marg:
363 2507 539 2535 1Cor.XII.
648 2515 673 2542 7.
697 2507 723 2534 8.
746 2509 789 2535 A:
816 2507 880 2535 Nec
903 2509 927 2535 si
950 2508 1008 2535 hoc
1029 2513 1074 2535 est
1095 2513 1187 2542 caput
1208 2508 1289 2535 illius
1311 2508 1405 2544 partis
1421 2509 1561 2543 ecclesie,

237 2563 327 2590 ergo3
350 2555 389 2582 B:
409 2554 474 2582 Nec
492 2572 525 2575 —
547 2555 675 2583 ecclesie
696 2554 725 2583 in
748 2564 844 2590 marg.
932 2564 972 2590 η.
995 2556 1016 2582 B
1037 2556 1067 2583 in
1089 2563 1191 2590 marg:
1215 2563 1222 2582 1
1247 2554 1319 2582 Cor.
1342 2555 1392 2583 XI.
1476 2564 1517 2591 ις).
1538 2555 1560 2582 f:

238 2602 268 2629 iu
289 2611 390 2635 marg:
411 2602 555 2630 Econtra.
664 2610 703 2630 ει.
723 2603 785 2630 AB
808 2603 837 2630 in
859 2611 962 2638 marg:
985 2602 1166 2638 Gregorius.
1195 2604 1222 2630 A
1244 2603 1272 2629 iu
1294 2610 1399 2637 marg:
1422 2603 1562 2630 Ecclesia

237 2649 308 2684 quid
330 2654 384 2676 est.
408 2649 429 2676 Β
446 2649 474 2676 in
492 2657 594 2684 marg:
616 2649 721 2677 Manli.
738 2648 781 2676 23.
855 2658 899 2684 27.
920 2650 947 2677 A
968 2650 996 2677 in
1019 2658 1121 2681 marg:
1143 2649 1283 2677 Membra
1304 2655 1408 2677 sancte
1431 2649 1558 2676 ecclesie

237 2704 351 2730 sponse
373 2695 487 2723 Christi
508 2701 578 2723 sunt
599 2697 700 2724 solum
722 2697 829 2724 sancti.
852 2696 872 2723 Β
894 2697 922 2723 in
945 2704 1047 2731 marg:
1071 2696 1254 2731 Gregorius.
1359 2705 1406 2733 29.
1429 2696 1468 2723 13:
1491 2701 1562 2723 suut

241 2750 308 2769 esse
329 2751 405 2769 eius.

303 2826 326 2845 1.
343 2815 445 2857 Greg.
461 2816 581 2847 Moral.
596 2816 719 2857 XVIII,
747 2826 819 2859 cap.
834 2817 975 2857 XXXV,
1002 2817 1150 2856 XXVIII,
1170 2827 1242 2858 cap.
1259 2817 1297 2847 X.
1326 2816 1416 2857 Opp.
1436 2816 1458 2855 I,
1482 2826 1560 2857 ψη.

241 2870 314 2903 581.
414 2883 466 2905 21.
494 2874 597 2915 Greg.
624 2874 657 2905 in
685 2875 806 2916 Evang
846 2874 921 2906 Lib.
951 2875 971 2905 I.
1001 2875 1152 2906 Homilia
1180 2875 1264 2910 XIX,
1293 2873 1383 2916 Opp,
1409 2874 1429 2903 I⁴
1465 2874 1558 2904 1510.
