2045 3312
236 263 326 293 CAP.
353 253 409 313 v.]
740 266 799 297 DE
827 264 1062 297 ECCLESIA.
1788 266 1840 305 99

131 384 167 417 G
197 384 221 416 2
293 374 453 413 Dicitur
484 372 668 412 secundo
702 372 818 424 quod
852 380 1023 423 propter
1056 370 1377 423 elongacionem
1400 384 1421 408 a
1454 383 1549 409 vera
1562 376 1844 440 {apiisettshigkutlpezff

141 457 219 495 142⁸
235 444 404 484 ecclesia
437 452 476 482 et
507 443 556 481 ab
590 441 861 481 irradiacione
893 440 1066 480 luminis
1099 439 1285 493 capitalis
1315 439 1590 493 frequentetis
1618 447 1724 509 unite}
1753 455 1786 474 as
1813 451 1844 474 to

233 523 403 568 putatur
434 512 649 553 ecclesiam
685 510 838 551 Christi
864 524 951 550 esse
974 510 1221 550 continuam
1244 511 1386 564 quoad
1407 510 1548 550 locum
1564 487 1840 579 tssnivehgileasssslicee'

235 593 275 624 et
306 593 487 636 tempus,
521 582 626 621 dum
658 590 796 621 tamen
833 582 1021 621 membra
1056 580 1208 620 Christi
1233 590 1272 620 et
1304 594 1457 634 sponse
1481 594 1553 634 per
1593 559 1825 649 ἓιέεῦᾘῑείᾞάἓτΐὲ

201 663 217 695 5
233 653 459 694 vacuitates
482 651 856 706 predestinacionis
881 661 920 692 et
942 652 1080 705 operis
1102 661 1285 692 rarenter
1299 661 1398 692 sunt
1412 651 1551 706 positi.
1619 630 1670 649 sca
1700 629 1750 649 ere
1777 643 1783 649 ¹

233 724 355 765 Multi
388 723 502 762 enim
534 731 684 776 putant
723 730 864 762 totum
902 723 1114 776 populum
1154 732 1193 763 et
1237 732 1378 763 totum
1423 737 1554 776 genus

233 794 309 834 sibi
343 793 666 834 succedencium
699 806 786 832 esse
819 792 1067 833 christianos
1099 793 1340 833 verissimos
1374 802 1413 833 et
1444 792 1553 846 capi-

233 866 334 906 tales
366 864 590 918 precipuos
629 863 671 902 in
711 877 803 902 area
848 872 988 903 sancte
1033 863 1176 903 matris
1225 863 1411 915 ecclesie,
1458 877 1556 903 cum

232 945 374 976 tamen
408 944 505 975 sunt
535 934 764 974 vacuitates
797 943 836 974 et
869 934 1059 973 membra
1091 933 1260 973 diaboli.
1295 933 1411 973 Sicut
1444 933 1556 973 enim

181 1006 347 1046 xoiuxta
379 1006 587 1045 naturales
621 1013 660 1044 et
691 1003 975 1057 perspectivos
1007 1003 1152 1043 videns
1176 1004 1324 1044 silvam
1355 1004 1420 1044 vel
1443 1018 1554 1044 carn-

234 1091 339 1130 pum
372 1085 562 1130 segetum
602 1089 625 1114 a
668 1074 905 1128 longinquo
950 1074 1106 1114 iudicat
1144 1082 1285 1114 totum
1323 1088 1410 1114 esse
1455 1088 1554 1114 con-

234 1147 404 1187 tinuum
457 1145 670 1186 consitum
715 1145 932 1185 arboribus
977 1145 1042 1184 vel
1087 1144 1316 1197 frumento,
1377 1145 1433 1185 sic
1479 1159 1557 1185 nos

236 1216 461 1270 inperfecta
494 1216 575 1255 fide
607 1215 813 1255 videntes·
844 1215 1061 1255 ecclesiam
1106 1230 1128 1254 a
1172 1215 1425 1269 longinquo,
1470 1228 1556 1254 non

236 1288 427 1328 obstante
461 1287 577 1340 quod
609 1286 759 1325 habeat
788 1285 830 1324 in
854 1300 895 1325 se
914 1286 1081 1325 arbusta
1105 1285 1255 1325 sterilia
1271 1295 1397 1339 atque
1419 1284 1556 1325 zizan-

183 1364 220 1397 15
237 1358 318 1408 nia,
351 1357 587 1397 iudicamus
612 1370 706 1396 eam
724 1356 894 1409 plenam
918 1355 1143 1395 fructuosis
1167 1355 1384 1395 arboribus
1409 1364 1448 1395 et
1471 1355 1555 1394 fru-

236 1437 394 1468 mento.
442 1429 493 1467 Et
540 1428 592 1466 ad
635 1427 766 1467 istum
810 1439 982 1465 sensum
1028 1426 1201 1479 exponit
1247 1425 1557 1465 Lincolniensis

236 1498 509 1553 propheciam
527 1497 689 1537 Michee
700 1497 814 1538 VIIO:
839 1496 906 1549 Ve,
926 1497 1076 1551 inquit,
1103 1504 1224 1537 tanta
1249 1496 1561 1537 christianismi

236 1569 449 1620 dilatacio‚
491 1574 609 1608 tanto
652 1581 780 1620 opere
831 1567 991 1608 Christi
1036 1574 1076 1607 et
1119 1581 1296 1608 suorum
1346 1568 1558 1607 mediante

237 1641 330 1694 lege
367 1640 586 1692 scripture
632 1638 870 1686 elaborata,
916 1645 977 1679 est
1007 1638 1128 1678 hodie
1173 1639 1288 1678 velut
1331 1639 1371 1677 in
1421 1638 1561 1678 brevis

181 1724 221 1746 20
237 1711 390 1764 anguli
422 1710 628 1764 angustia
668 1716 876 1750 coartata.
915 1709 1155 1750 Plurimam
1192 1722 1377 1762 namque
1410 1707 1561 1747 mundi

230 1787 402 1833 partem
429 1781 653 1832 occupavit
676 1779 911 1832 infidelitas
934 1786 971 1819 et
994 1794 1018 1819 a
1046 1780 1207 1819 Christi
1229 1778 1412 1819 ecclesia
1434 1791 1559 1830 sepa-

237 1853 371 1900 ravi&
389 1851 440 1891 de
450 1857 582 1903 parte
596 1863 695 1890 vere
711 1849 823 1890 dicta
847 1850 1087 1890 christiana
1106 1850 1329 1903 separavit
1351 1862 1376 1888 a
1399 1848 1560 1888 Christo

237 1923 410 1969 scisma,
444 1921 494 1961 de
520 1927 652 1973 parte
686 1933 786 1960 vero
820 1920 999 1961 residua
1025 1934 1106 1974 que
1140 1926 1337 1973 respectu
1371 1919 1559 1959 duarum

231 1992 643 2045 prenominatarum
680 1990 911 2030 admodum
946 1997 1008 2031 est
1046 2004 1193 2044 parva
1227 1997 1265 2031 et
1306 2002 1455 2043 pauca
1501 1986 1563 2042 (ut

183 2060 362 2117 25put0)
395 2075 480 2101 non
514 2061 726 2101 modicam
764 2062 1019 2113 porcionem
1067 2061 1287 2114 separavit
1329 2073 1355 2099 a
1394 2059 1563 2099 Christo

233 2134 434 2185 pravitas
455 2132 655 2183 heretica,
681 2133 805 2185 quasi
827 2139 970 2172 autem
997 2132 1247 2172 totalitatem
1275 2129 1440 2170 residui
1463 2142 1563 2169 con-

240 2209 536 2255 corporarunt
567 2202 742 2242 diabolo
776 2209 815 2243 et
846 2209 1117 2255 separarunt
1139 2216 1164 2241 a
1201 2202 1373 2241 Christo
1404 2207 1562 2253 septem

241 2272 488 2312 criminalia
529 2279 727 2325 peccata,
774 2281 818 2313 ut
863 2273 947 2312 iam
998 2286 1096 2313 voce
1151 2273 1332 2326 lugubri
1372 2272 1566 2325 plangat

247 2343 444 2383 Christus
486 2343 652 2384 dicens:
708 2343 762 2382 Ve
794 2344 896 2383 mihi
928 2344 1028 2397 quia
1050 2342 1205 2397 factus
1236 2355 1329 2382 sum
1362 2343 1472 2381 sicut
1495 2341 1567 2394 qui

186 2412 227 2445 30
241 2413 405 2467 colligit
419 2415 463 2454 in
478 2422 715 2466 autumpno
732 2426 925 2454 racemos
942 2413 1164 2465 vindemie,
1175 2426 1259 2452 non
1276 2419 1334 2452 est
1350 2413 1496 2452 botrus
1511 2410 1567 2450 ad

243 2484 566 2525 comedendum.
607 2483 720 2524 Uvas
736 2485 962 2536 preciosas
995 2483 1258 2524 desideravit
1278 2483 1426 2523 anima
1450 2491 1567 2530 mea;

295 2628 314 2647 1.
336 2621 365 2648 A
389 2620 420 2648 in
447 2628 562 2655 ma1·g.t
588 2619 670 2648 Nota
691 2629 785 2656 quare
811 2621 961 2649 iudicium
993 2626 1133 2649 nostrum
1166 2625 1247 2648 errat
1276 2621 1358 2648 circa
1390 2619 1564 2648 ecclesiam.

245 2667 366 2700 (Above
387 2672 453 2699 ¹42⁸
478 2667 608 2695 without
629 2668 715 2695 mark
735 2667 770 2695 of
786 2668 968 2701 reference.)
1067 2677 1088 2696 1.
1110 2667 1135 2695 3.
1158 2669 1198 2696 B:
1219 2677 1236 2696 a
1257 2676 1330 2696 vera
1348 2683 1382 2688 —
1402 2665 1565 2695 ecclesiam

245 2713 339 2741 deest.
397 2713 439 2742 16.
461 2715 500 2742 A.
522 2714 552 2742 in
574 2722 691 2749 marg:
713 2715 953 2743 Lincolniensis.
1006 2723 1044 2751 ¹7-
1065 2717 1094 2743 A
1114 2716 1144 2744 in
1166 2723 1282 2751 marg-z
1304 2714 1441 2742 Ecclesia
1462 2719 1568 2741 sancta

245 2760 395 2788 catholica
415 2766 564 2796 quantum
585 2760 623 2789 sit
643 2766 750 2789 artata.
865 2762 910 2789 18.
931 2762 964 2790 In
986 2762 1095 2790 codd.:
1118 2762 1236 2790 medioe.
1327 2762 1360 2788 In
1382 2762 1493 2789 codd.:
1514 2760 1567 2796 qui

245 2805 356 2834 factus.
499 2816 542 2836 22.
565 2807 686 2836 Codd.:
711 2816 795 2836 vero.
917 2807 956 2836 31.
979 2808 1017 2835 13:
1040 2808 1122 2836 Uvas
1145 2813 1247 2844 preter
1269 2816 1346 2844 quas
1368 2807 1565 2835 desideravit.

307 2924 358 2958 29.
385 2914 548 2958 prophet.
578 2915 754 2948 Michaeae
785 2916 854 2955 VII,
890 2927 912 2948 1.
942 2926 971 2947 2.

1399 2970 1441 3015 7*
