2045 3312
161 261 168 284 ¹
182 259 236 285 02
868 253 1091 286 JOHANNIS
1118 253 1312 286 WYCLIF.
1607 238 1714 299 [cArz
1724 250 1761 278 v.

443 370 608 415 temptu
642 361 712 415 qui
746 370 826 400 stat
859 360 901 399 in
934 360 1035 413 legis
1069 374 1147 400 suo
1171 359 1442 400 observancia
1474 360 1539 399 vel
1562 360 1763 414 despectu
1784 370 1862 415 142b
1896 373 1916 406 1

443 445 528 471 non
563 430 608 471 fit
641 430 912 482 scrutinium3
945 430 1061 484 quod
1094 439 1154 470 est
1195 429 1364 483 signum
1402 430 1765 470 evidentissimum

443 502 558 556 quod
591 501 694 542 tales
727 499 895 554 superbi
933 500 1138 554 prepositi
1181 510 1281 541 sunt
1319 509 1432 541 extra
1470 500 1689 541 Christum
1727 509 1766 540 et

443 586 564 612 suam
617 571 848 623 ecclesiam,
893 570 1083 610 membra
1130 570 1235 623 regis
1281 571 1474 624 superbie
1519 585 1600 625 que
1646 585 1767 611 suam

443 643 746 696 quadraturam
797 649 1012 681 ostentant
1033 642 1056 665 ff
1078 640 1120 679 in
1173 639 1307 694 figura
1358 640 1533 693 mundi,
1586 641 1762 695 figuram
1787 658 1862 697 1420

444 722 587 752 autem
619 711 855 752 substancie
887 711 1025 751 divine
1058 711 1361 764 postponendo
1395 711 1623 752 occultant.

168 789 212 817 δώ
232 788 402 823 objection:
503 784 654 822 Tercio
687 781 874 835 arguitur
906 790 1051 821 contra
1075 781 1184 821 dicta
1217 781 1267 821 de
1292 795 1468 835 corpore
1502 781 1671 821 ecclesie
1695 795 1821 835 perK

151 824 416 887 liiiiiefgrsffldziiie
445 853 525 892 hoc
557 853 673 906 quod
706 852 793 905 pari
828 851 1041 891 evidencia
1074 865 1157 905 qua
1189 851 1259 891 illa
1292 851 1396 891 foret
1434 865 1571 891 unum
1599 866 1766 906 corpuS,

153 895 428 958 tligdisc’Jrseiztigii'ii-
445 932 484 962 et
516 922 790 976 congregacio
824 921 1103 975 prescitorum
1127 921 1399 962 constitueret
1432 935 1568 962 unum
1601 936 1767 977 corpus,

446 1006 710 1046 consequens
764 991 942 1043 falsum,
995 991 1094 1045 quia
1139 1005 1215 1031 nec
1261 1005 1413 1045 corpus
1459 993 1648 1033 naturale
1692 1007 1827 1038 nec10

443 1063 671 1115 misticum,
705 1077 754 1103 eo
788 1064 904 1117 quod
927 1076 1014 1102 non
1048 1062 1153 1102 foret
1185 1061 1321 1102 forma
1354 1062 1516 1114 uniens,
1551 1063 1629 1104 nisi
1663 1063 1770 1104 foret

444 1142 678 1186 peccatum,
712 1133 816 1173 illud
848 1142 991 1173 autem
1023 1147 1109 1173 non
1143 1132 1363 1173 continuat
1395 1134 1468 1173 sed
1500 1133 1693 1187 seiungit.

155 1211 431 1273 ’rt1??0⁵ss{{ssbxvn
506 1203 585 1243 Hic
619 1203 770 1243 dicitur
803 1217 851 1243 ex
895 1203 976 1243 fide
1018 1203 1220 1257 scripture
1261 1204 1379 1256 quod
1417 1216 1567 1243 omnes
1605 1204 1769 1257 presciti

173 1281 212 1308 do
234 1279 396 1351 scssggyone
448 1273 712 1314 constituunt
744 1288 881 1314 unum
921 1288 1086 1327 corpus
1134 1273 1327 1314 Christus
1372 1273 1487 1313 enim
1534 1273 1632 1314 dicit
1676 1274 1768 1315 Joh.

446 1344 561 1385 V1110
592 1357 661 1397 44,
693 1344 834 1384 =iudeis
868 1353 907 1384 et
939 1344 1223 1398 principaliter
1254 1343 1539 1384 sacerdotibus
1573 1353 1612 1384 et
1632 1344 1770 1397 phari-
1790 1355 1826 1389 15

446 1415 524 1454 seis
569 1414 640 1468 qui
686 1414 930 1454 dicebantur
975 1428 1063 1454 esse
1096 1414 1292 1468 capitales
1339 1414 1537 1454 ecclesie:
1597 1414 1674 1454 Vos
1717 1427 1771 1454 ex

438 1491 568 1538 patre
601 1484 772 1525 diabolo
805 1486 904 1526 estis
937 1492 977 1525 et
1023 1485 1240 1525 desideria
1278 1486 1423 1537 patris
1467 1485 1599 1525 vestri
1641 1485 1771 1525 vultis

435 1554 607 1608 facere.
643 1556 703 1594 Ex
737 1569 823 1609 quo
856 1564 971 1609 patet
1003 1555 1118 1609 quod
1160 1564 1327 1608 oportet
1360 1569 1447 1595 esse
1480 1569 1611 1594 unam
1643 1568 1769 1608 gene-

446 1625 660 1665 racionem
693 1639 774 1679 que
807 1624 886 1665 fuit
917 1626 1028 1665 mala
1058 1625 1099 1664 in
1135 1625 1393 1678 vulgaribus,
1427 1625 1545 1678 peior
1576 1625 1618 1664 in
1652 1638 1769 1665 secu-

446 1696 600 1735 laribus
634 1695 874 1749 prepositis,
908 1696 980 1734 sed
1012 1695 1196 1748 pessima
1212 1696 1253 1734 in
1287 1695 1469 1748 prelatis,
1503 1695 1611 1734 sicut
1644 1709 1768 1748 gene·
1787 1718 1829 1740 20

447 1765 558 1805 racio
591 1765 803 1805 iustorum
835 1766 1070 1805 secundum
1117 1774 1198 1805 tres
1243 1766 1394 1818 gradus
1446 1764 1667 1818 oppositos
1713 1765 1770 1804 eis

448 1836 826 1889 proporcionaliter
858 1836 1173 1889 correspondet.
1223 1836 1265 1875 Si
1299 1850 1397 1889 ergo
1447 1835 1498 1875 sit
1531 1849 1614 1874 una
1646 1848 1770 1888 gene-

448 1906 559 1946 racio
606 1919 914 1959 perversorum,
968 1914 1136 1959 oportet
1180 1907 1295 1959 quod
1341 1906 1392 1946 sit
1444 1919 1554 1945 unus
1601 1904 1772 1958 iniquus

158 1979 432 2044 dgiiiii'iiilgtissaed.
447 1976 580 2016 homo
613 1976 770 2015 habens
801 1985 938 2029 partes
971 1990 1053 2030 que
1086 1984 1183 2015 sunt
1205 1976 1394 2015 membra
1416 1974 1584 2026 diaboli,
1609 1983 1648 2014 et
1671 1988 1769 2015 cum

448 2060 535 2085 non
567 2055 707 2099 potest
739 2060 826 2086 esse
858 2047 1100 2086 membrum
1131 2046 1196 2085 vel
1229 2055 1353 2099 caput
1391 2045 1469 2085 nisi
1508 2045 1549 2083 in
1588 2059 1759 2098 compa—
1792 2058 1832 2092 25

450 2116 617 2156 racione
649 2116 701 2155 ad
745 2125 887 2156 totum
934 2130 1084 2169 corpus
1129 2116 1352 2169 integrum,
1398 2114 1669 2155 manifestum
1714 2124 1775 2155 est

451 2187 568 2240 quod
590 2195 650 2225 est
682 2199 817 2226 unum
836 2199 990 2239 corpus
1023 2185 1193 2237 diaboli,
1228 2186 1335 2225 sicut
1368 2194 1429 2225 est
1451 2198 1586 2225 unum
1619 2199 1773 2238 corpus

452 2256 620 2297 Christi.
675 2256 753 2297 Ubi
808 2266 950 2296 autem
996 2270 1148 2309 corpus
1199 2255 1353 2296 Christi
1400 2264 1575 2295 vocatur
1620 2269 1772 2308 corpus

452 2326 667 2366 misticum
712 2335 884 2379 propter
935 2326 1171 2366 misterium
1226 2325 1386 2365 celestis
1439 2325 1623 2379 coniugii
1668 2326 1774 2365 inter

453 2396 671 2436 Christum
704 2406 743 2436 et
777 2396 996 2436 ecclesiam
1031 2396 1199 2447 Christi,
1234 2410 1389 2449 corpus
1413 2395 1567 2434 diaboli
1602 2409 1687 2435 non
1713 2406 1774 2436 est
1790 2410 1831 2442 30

453 2467 509 2506 sic
542 2466 756 2506 misticum
789 2467 860 2506 sed
893 2467 1138 2518 obscurum,
1172 2480 1270 2506 cum
1304 2466 1360 2506 sic
1385 2465 1582 2519 coniungi
1603 2466 1772 2506 diabolo

523 2627 548 2655 5.
571 2628 615 2655 A:
638 2628 766 2661 figuram
789 2629 926 2661 liguram.
1045 2637 1070 2663 7.
1092 2629 1119 2655 Α
1142 2628 1171 2655 in
1195 2635 1306 2662 marg:
1329 2627 1480 2655 Malorum
1504 2627 1710 2662 congregacio
1730 2634 1775 2656 est

454 2682 549 2701 unum
571 2681 683 2709 corpus
704 2675 840 2701 naturale
868 2675 944 2701 sicut
967 2675 1121 2701 bonorum
1145 2680 1187 2701 est
1210 2682 1304 2701 unum
1327 2682 1439 2709 corpus
1463 2673 1630 2701 misticum.
1653 2675 1775 2710 (Above

456 2727 516 2753 1420
548 2721 677 2748 without
698 2722 783 2749 mark
806 2722 840 2748 os
858 2721 1041 2754 reference.)
1125 2730 1161 2748 12.
1184 2723 1228 2748 A:
1250 2721 1399 2749 contiuat.
1498 2718 1535 2747 13.
1558 2721 1586 2748 A
1607 2720 1637 2748 in
1659 2729 1774 2757 marg:

453 2767 639 2803 Responsio
791 2777 830 2802 ¹4·
855 2768 875 2794 ¹5
898 2768 926 2795 in
951 2776 1047 2802 marg.
1080 2777 1163 2799 man,
1185 2776 1263 2796 1·ec.:
1298 2768 1435 2796 Ecclesia
1457 2766 1697 2803 malignancium
1722 2777 1776 2801 per

453 2822 650 2850 consequens
663 2820 706 2842 cst
722 2824 817 2842 unum
832 2823 958 2850 corpus.
974 2816 1001 2842 A
1016 2815 1044 2842 in
1060 2823 1173 2849 marga
1189 2814 1316 2851 Triplex
1328 2814 1491 2849 generacio
1508 2815 1598 2842 mala.
1667 2822 1709 2843 22.
1730 2817 1774 2843 A:

455 2863 696 2898 correspondent
732 2863 787 2896 Al:
810 2862 1069 2896 correspondent.
1197 2863 1242 2889 26.
1267 2863 1303 2889 tt:
1326 2870 1441 2896 corpus
1463 2862 1558 2889 deest.
1668 2864 1714 2890 ⁴30.
1737 2863 1774 2890 ss:

454 2907 566 2935 Christi
588 2908 683 2936 deest.
792 2909 831 2936 31.
854 2909 891 2935 13:
914 2917 984 2936 cum
1005 2909 1161 2943 coniungi.
