2045 3312
147 275 225 314 318
870 285 1096 318 JOHANle
1124 283 1320 317 WYCLIF.
1546 267 1652 327 [CAP.
1674 279 1757 310 xiv.

433 390 545 444 quod
584 391 744 444 legitur
775 391 973 431 cecidisse
1016 392 1056 430 in
1097 390 1272 430 ecclesia
1307 388 1389 427 Dei
1421 395 1608 441 tempore
1645 388 1850 442 Con-1730
1873 398 1910 431 N

433 461 610 501 stantini
631 462 703 515 qui
730 462 770 500 in
802 462 1097 501 iurisdiccione
1124 474 1205 500 sua
1228 460 1384 499 dotavit
1417 459 1651 510 ecclesiam,
1683 458 1758 498 sed

435 544 517 571 non
551 544 712 572 assero.

160 612 409 659 who-wasqvery
494 601 573 641 Iste
607 610 750 641 autem
783 602 931 642 doctor
963 601 1210 654 reprobatus
1244 599 1322 640 fuit
1354 609 1487 650 acute,
1521 599 1621 653 quia
1653 610 1806 644 trac-0

143 647 420 718 ¹³¹¹¹1÷rgss¹siiii1⁵s.m-
435 671 537 711 tavit
581 672 631 711 de
665 681 871 725 potestate
917 686 1038 726 pape,
1093 671 1188 711 ideo
1222 670 1360 710 innuit
1393 684 1492 710 cum
1534 669 1791 713 formidine5

435 742 553 795 quod
601 743 746 782 debuit
792 752 1032 783 constanter
1075 755 1268 793 asserere,
1303 749 1350 781 ut
1381 742 1504 781 docet
1538 742 1667 793 Hugo
1708 741 1758 780 de

436 812 590 852 Sancto
624 812 806 864 Victore,
850 813 958 852 libro
1004 813 1060 852 ΙΙ0
1101 813 1162 852 De
1195 811 1487 863 SacramentiS‚
1535 821 1652 864 parte
1685 811 1757 862 110,

436 882 629 936 capitulis
662 883 735 922 ΙΙΙΟ
769 892 807 922 et
851 883 958 923 V110.
1009 884 1120 922 Nam
1164 883 1281 936 quod
1313 882 1497 935 amplius
1530 890 1591 921 est
1629 895 1757 934 quam

435 952 539 992 liber
571 965 673 993 usus
706 953 866 993 fructus
898 953 940 992 in
975 953 1100 1004 clero,
1133 966 1308 1006 vergens
1341 953 1391 991 ad
1424 951 1552 991 ritum
1576 952 1756 990 munda-

435 1037 554 1074 num,
594 1023 756 1063 malum
789 1032 861 1074 est,
895 1023 993 1077 quia
1025 1023 1292 1063 sacerdotalis
1325 1021 1453 1062 officii
1485 1022 1754 1061 tardativum.
1779 1042 1816 1063 10

438 1092 550 1133 Cum
584 1107 681 1146 ergo
720 1093 762 1132 in
801 1093 888 1133 istis
919 1093 1022 1133 locis
1056 1093 1259 1146 scripture
1291 1106 1377 1132 non
1413 1091 1614 1132 fundatur
1646 1091 1756 1131 clero

437 1163 610 1202 civilitas
644 1164 716 1203 sed
747 1163 870 1216 plane
909 1163 1181 1214 contrarium,
1227 1177 1302 1202 nec
1336 1172 1396 1202 est
1432 1162 1637 1215 scriptura
1681 1161 1757 1200 sibi

438 1234 516 1287 ipsi
550 1234 769 1286 contraria,
793 1234 958 1274 utinam
981 1233 1086 1273 illud
1110 1233 1351 1273 dominium
1376 1242 1482 1272 esset
1504 1244 1759 1284 suspensum

435 1318 456 1342 a
499 1305 623 1356 clero,
670 1317 896 1358 quousque
942 1304 984 1343 in
1029 1304 1233 1356 scriptura
1278 1317 1391 1343 sacra
1424 1303 1512 1342 eius
1556 1302 1760 1342 invenerit

437 1373 778 1425 fundamentum,
812 1383 852 1414 et
882 1374 1035 1414 vellem
1067 1374 1099 1414 si
1129 1375 1219 1414 Deo
1253 1375 1434 1427 placeret
1466 1374 1582 1427 quod
1617 1373 1815 1416 nullus15

437 1446 632 1484 sacerdos
678 1444 850 1484 haberet
893 1444 1126 1498 primatum
1169 1445 1234 1484 vel
1279 1443 1548 1497 privilegium
1587 1443 1757 1483 ecclesie

437 1529 661 1568 quousque
708 1524 864 1554 cartam
907 1514 1017 1554 illius
1050 1514 1255 1554 invenerit
1288 1514 1330 1553 in
1364 1514 1580 1566 scriptura.
1646 1512 1757 1553 Cum

437 1585 546 1625 enim
582 1599 709 1624 nemo
744 1585 866 1624 debet
900 1584 1168 1638 privilegium
1200 1594 1396 1637 appetere
1428 1584 1505 1623 nisi
1536 1583 1612 1623 sibi
1642 1582 1756 1632 utile,

437 1664 476 1694 et
519 1656 754 1695 secundum
786 1655 1080 1709 Augustinum
1113 1656 1151 1695 si
1184 1655 1287 1694 utile
1319 1661 1393 1706 est,
1432 1655 1491 1694 ibi
1522 1654 1754 1701 invenitur,

435 1725 601 1765 videtur
651 1726 768 1779 quod
821 1726 873 1764 ad
925 1725 1124 1764 clericum
1175 1724 1530 1778 privilegiandum
1577 1723 1757 1777 pertinet
1773 1744 1816 1766 20

438 1795 555 1848 quod
605 1804 761 1834 cartam
806 1804 893 1834 tam
940 1795 1198 1835 autenticam
1242 1795 1427 1834 inveniat
1459 1794 1501 1833 in
1534 1794 1757 1847 scriptura3

436 1874 538 1905 tunc
561 1865 674 1904 enim
696 1865 982 1905 laboraremus
998 1866 1103 1904 circa
1127 1865 1214 1904 eius
1238 1865 1453 1916 noticiam,
1477 1864 1758 1904 niteremurve

437 1935 480 1974 in
528 1935 800 1989 deposicione
863 1935 920 1975 sic
973 1935 1095 1975 nobis
1144 1935 1376 1975 adversaria
1407 1949 1454 1974 ex
1496 1934 1759 1974 deformitate

437 2005 520 2045 vite
553 2015 692 2045 nostre
736 2006 788 2045 ad
834 2015 990 2045 cartam
1034 2005 1161 2044 illam.
1216 2006 1269 2044 Et
1313 2005 1439 2045 tercio
1481 2019 1567 2044 non
1611 2017 1758 2057 accep-

438 2084 623 2115 taremus
657 2085 825 2115 tantum
857 2089 965 2115 onus
999 2076 1075 2115 nisi
1105 2075 1225 2129 quasi
1259 2075 1449 2115 nolentes
1481 2076 1533 2115 ad
1561 2087 1761 2127 magnam
1777 2085 1815 2118 25

441 2145 690 2185 instanciam
721 2146 870 2199 populi
894 2160 970 2199 pro
995 2145 1197 2199 spirituali
1230 2145 1427 2199 suffragio
1461 2159 1537 2186 nos
1561 2144 1758 2198 urgentis.

149 2225 424 2288 Slglfiguelfflffliiss
500 2216 541 2255 Si
582 2225 725 2255 auten]
764 2216 952 2268 arguitur
991 2230 1064 2269 per
1103 2215 1246 2256 locum
1278 2230 1300 2255 a
1333 2216 1457 2255 simili
1503 2216 1615 2269 quod
1658 2215 1759 2254 ritus

150 2283 186 2324 be
207 2297 369 2344 grqunded
393 2283 422 2323 in
441 2286 572 2325 nostri
607 2300 693 2325 non
727 2286 879 2337 valent,
914 2299 1012 2325 cum
1045 2299 1131 2325 non
1173 2285 1254 2325 sint
1287 2285 1520 2326 fundabiles
1553 2286 1595 2324 in
1629 2285 1757 2337 scrip-

202 2335 372 2367 semmuro.
440 2365 544 2406 tura,
591 2356 685 2395 dico
719 2357 835 2409 quod
875 2357 1001 2395 docto
1046 2356 1127 2395 hoc
1178 2357 1228 2395 de
1272 2369 1531 2409 quocunque
1575 2355 1654 2394 ritu
1701 2362 1761 2394 est

442 2426 658 2465 conclusio
707 2426 992 2475 concedenda,
1037 2426 1136 2479 quia
1174 2434 1275 2465 tunc
1320 2439 1405 2465 non
1447 2434 1614 2465 sonaret
1658 2424 1760 2463 ritus
1777 2434 1818 2466 30

441 2496 533 2535 talis
578 2496 779 2549 pietatem
811 2497 875 2535 vel
914 2496 1161 2549 religionem
1195 2495 1361 2535 Christi.
1417 2496 1539 2535 Unde
1572 2508 1648 2547 pro
1683 2494 1760 2533 illis

441 2580 524 2619 que
569 2580 653 2605 non
709 2580 899 2619 expresse
949 2567 1155 2606 docentur
1205 2566 1245 2605 in
1295 2565 1498 2618 scriptura
1544 2578 1670 2614 sacra,
1729 2563 1758 2602 si

442 2637 626 2689 quadam
677 2636 889 2676 evidencia
941 2636 1081 2689 topica
1125 2637 1366 2688 suadentur,
1427 2649 1511 2675 non
1558 2635 1760 2674 debemus

495 2793 532 2812 12.
555 2785 591 2813 13.
613 2785 641 2813 Α
656 2786 711 2820 Al:
734 2785 793 2812 sibi
815 2784 894 2820 ipsa.
1033 2792 1080 2821 29.
1101 2783 1173 2812 Ain
1189 2793 1302 2819 marga
1324 2784 1414 2812 Nota.
1559 2784 1605 2812 30.
1628 2784 1668 2811 13:
1689 2789 1763 2812 tunc

443 2838 577 2860 sonaret.
718 2830 762 2860 33.
784 2833 807 2859 Α
825 2833 854 2859 in
871 2840 984 2867 marga
1008 2831 1178 2865 Quomodo
1195 2831 1283 2859 debet
1300 2831 1422 2859 defendi
1444 2837 1471 2859 et
1492 2833 1587 2859 teneri
1609 2831 1762 2867 scriptura

442 2887 539 2906 sacra.
561 2879 656 2907 Ritus.
681 2880 700 2907 Ι),
722 2880 750 2906 iu
773 2887 886 2913 marga
913 2879 1174 2906 (onteudenduni
1198 2884 1320 2906 nonest
1342 2885 1447 2908 contra
1470 2880 1545 2907 ritus
1568 2881 1640 2907 dun]
1662 2880 1762 2915 topice

443 2926 611 2954 fundamur
633 2928 660 2954 in
684 2927 846 2961 scriptura.
