2045 3312
165 282 242 321 536
889 289 1115 321 JOHANNIS
1143 288 1342 320 wchF.
1549 273 1656 330 [CAP.
1680 284 1773 312 xxii.

452 397 591 437 ciones
624 408 728 436 suas
762 408 845 435 non
888 394 1124 435 continebit.
1177 393 1260 434 Sed
1306 394 1405 448 quia
1451 393 1554 433 dixit
1608 406 1775 432 sacrum
1793 402 1926 437 201⁶N

454 467 671 507 Psalmum
706 466 941 520 intelligere
977 466 1027 505 de
1051 465 1257 505 membris
1291 465 1377 504 suis
1403 464 1701 517 predestinatis
1734 463 1775 502 in

453 538 609 591 quibus
644 546 868 590 peccatum
917 545 978 576 est
1024 535 1212 575 mutacio
1259 535 1429 574 dextere
1470 534 1635 586 excelsi,
1680 534 1776 574 ideo

455 608 729 661 prosequitur
763 608 925 647 dicens:
967 605 1067 646 Hoc
1103 604 1269 659 quidem
1305 617 1390 644 non
1424 604 1518 644 ideo
1556 617 1632 643 con
1669 616 1777 653 rmo,

164 687 266 715 buthe
286 686 438 714 abhorred
453 679 657 731 quoniam
689 690 770 717 non
797 678 963 717 resisto.
1000 677 1093 716 Hoc
1117 685 1260 715 autem
1287 675 1517 729 utrobique
1543 674 1778 714 detestatur
1795 686 1811 718 5

161 723 211 750 the
240 723 348 749 notion
376 721 463 755 that,

162 756 532 819 “gffeegssoffldthzfflsoe
566 757 737 788 sanctus
772 761 868 787 cum
915 748 1005 786 aliis
1052 747 1167 800 quod
1212 746 1277 785 vel
1332 758 1439 798 pena
1485 746 1778 785 membrorum

176 825 432 890 pttffeisclffffixgdcjf
457 819 629 873 dyaboli
663 832 741 872 pro
776 818 949 858 instanti
984 816 1194 870 temporis
1228 816 1416 867 finiatur,
1450 815 1515 854 vel
1550 825 1778 869 postquam

458 890 537 929 fuit
571 889 778 929 intensior
818 902 893 943 per
935 888 1107 927 ecclesie
1151 886 1351 940 suffragia
1386 886 1644 939 remittatur,
1683 887 1780 926 licet

457 960 569 1000 credi
615 968 760 1013 posset
794 958 1074 1012 probabiliter
1118 957 1235 1011 quod
1276 970 1403 996 omne
1442 966 1666 1010 peccatum
1719 966 1780 997 est

455 1031 597 1070 minus
643 1029 806 1070 malum
854 1039 895 1069 et
940 1028 1082 1068 minus
1128 1027 1320 1080 punibile
1370 1036 1546 1081 propter
1579 1026 1840 1067 meritumio

455 1102 552 1141 Jesu
601 1100 774 1141 Christi.
832 1099 955 1140 Unde
1007 1099 1106 1153 quia
1140 1097 1428 1151 Augustinus,
1483 1111 1572 1150 cap.
1627 1097 1782 1149 XVII0,

456 1172 552 1211 libri
597 1167 722 1223 xxti,
771 1170 919 1210 recitat
975 1169 1196 1222 quomodo
1249 1168 1427 1221 quidam
1479 1168 1782 1207 commendant

457 1243 579 1282 istam
615 1241 890 1292 sentenciam,
921 1240 1021 1293 quia
1056 1239 1138 1293 pia,
1163 1239 1235 1278 sed
1270 1237 1336 1293 (ut
1376 1238 1531 1291 arguit,
1567 1251 1663 1277 cum
1698 1251 1782 1277 non

458 1313 585 1352 habet
619 1310 921 1352 auctoritatem
947 1324 994 1350 ex
1026 1310 1236 1363 scriptura
1269 1309 1342 1348 sed
1377 1308 1465 1349 eius
1499 1307 1783 1364 oppositum),

459 1389 558 1423 tunc
575 1382 703 1436 foret
735 1381 886 1421 melior
918 1386 957 1420 et
988 1380 1143 1431 verior,
1177 1381 1216 1420 si
1248 1378 1583 1419 misericordior.
1623 1378 1783 1419 Exten-
1806 1387 1841 1420 15

459 1453 590 1493 datur
622 1466 727 1506 ergo
757 1452 869 1506 fons
915 1450 1044 1490 huius
1089 1449 1386 1490 misericordie
1429 1449 1486 1489 ad
1533 1449 1785 1503 dampnatos

459 1524 665 1579 quoslibet
686 1523 803 1578 quod
836 1522 1072 1576 punientur
1102 1535 1210 1574 pena
1236 1520 1511 1561 solummodo
1544 1520 1782 1573 temporali,

460 1595 525 1634 vel
571 1595 735 1635 dicatur
781 1592 1101 1633 misericordius
1142 1592 1258 1644 quod
1304 1604 1412 1644 pena
1459 1591 1527 1631 illa
1573 1592 1651 1631 erit
1695 1592 1785 1630 bre-

461 1666 647 1717 vissima,
673 1665 738 1705 vel
760 1664 891 1705 tercio
924 1661 1318 1702 misericordissime
1351 1661 1466 1715 quod
1501 1661 1677 1701 omnino
1702 1675 1785 1701 non

462 1736 540 1775 erit
573 1735 652 1775 alia
676 1748 785 1788 pena
818 1743 915 1788 post
948 1742 1146 1784 mortem,
1180 1732 1253 1772 sed
1288 1740 1376 1771 tota
1409 1732 1618 1784 scriptura
1652 1742 1713 1771 est
1746 1732 1786 1771 in
1805 1747 1846 1769 20

463 1807 539 1846 ista
573 1815 691 1859 parte
725 1804 1037 1845 conminatoria
1061 1804 1132 1843 sed
1158 1816 1243 1842 non
1273 1816 1382 1841 vera.
1417 1801 1461 1842 Si
1493 1802 1600 1856 quis,
1634 1801 1786 1855 inquit,

464 1876 622 1916 audeat
653 1876 731 1916 ista
755 1887 968 1924 asserere,
1000 1881 1116 1914 tanto
1139 1873 1354 1914 invenitur
1376 1885 1528 1912 errare
1550 1872 1788 1926 deformius

464 1954 503 1987 et
535 1953 688 1987 contra
723 1953 838 1986 recta
863 1946 945 1985 Dei
978 1944 1105 1985 verba
1132 1944 1399 1998 perversius,
1431 1949 1592 1996 quanto
1624 1942 1790 1982 videtur

463 2019 622 2058 sentire
652 2016 732 2057 sibi
762 2016 1030 2056 clemencius.
1079 2016 1174 2055 Non
1215 2014 1391 2054 seducat
1431 2027 1507 2052 nos
1551 2026 1651 2064 ergo
1693 2026 1787 2052 ceca

467 2089 599 2141 pietas
633 2101 732 2141 que,
774 2099 870 2126 cum
913 2086 965 2125 sit
1000 2085 1166 2124 veritati
1207 2094 1245 2124 et
1280 2083 1387 2123 fonti
1421 2083 1586 2123 iusticie
1621 2096 1666 2122 ac
1699 2083 1786 2135 pie·
1807 2090 1846 2122 25

468 2159 565 2198 tutis
612 2157 838 2208 contraria,
890 2165 951 2195 est
1001 2155 1249 2208 blasphema
1302 2154 1522 2206 impietas3
1572 2165 1669 2191 nam
1716 2166 1790 2205 per

468 2228 556 2268 eius
591 2228 841 2282 oppositum
866 2226 970 2266 fides
995 2226 1203 2265 catholica
1228 2225 1480 2278 integratur,
1516 2223 1788 2262 conversacio

469 2297 690 2338 militantis
744 2297 915 2336 ecclesie
964 2295 1117 2336 timore
1163 2308 1270 2348 pene
1317 2294 1566 2334 melioratur
1611 2303 1651 2333 et
1695 2306 1790 2346 spes

470 2369 640 2408 maioris
682 2368 955 2408 beatitudinis
991 2365 1292 2418 confirmatur3
1333 2375 1373 2405 et
1408 2364 1790 2416 correspondenter

470 2439 527 2478 illi
600 2439 671 2492 qui
739 2438 939 2477 videntur
1004 2437 1138 2490 magis
1193 2436 1356 2490 placere
1412 2435 1595 2489 dyabolo
1655 2434 1788 2485 magis
1806 2439 1848 2470 30

472 2518 638 2560 nocent,
685 2518 724 2548 et
770 2509 867 2548 hinc
912 2508 1087 2547 indubie
1133 2516 1313 2560 possunt
1353 2514 1573 2558 expectare
1607 2504 1789 2557 amplius

473 2589 795 2620 nocumentum.
830 2579 926 2619 Non
962 2591 1062 2631 ergo
1087 2591 1258 2617 oramus
1292 2589 1369 2630 pro
1404 2575 1588 2630 dyabolo
1623 2574 1687 2613 vel
1711 2574 1788 2613 sibi

525 2733 561 2755 12.
584 2728 612 2754 A
632 2726 663 2754 in
676 2733 774 2760 marg.
788 2735 794 2752 z
810 2725 926 2754 Contra
943 2726 1132 2754 sentenciam
1147 2733 1206 2761 que
1220 2725 1307 2761 ponit
1321 2724 1439 2752 nullum
1453 2728 1599 2759 perpetue
1615 2723 1789 2759 dampnari.

474 2780 519 2800 20.
536 2773 611 2807 alia;
631 2774 676 2800 A:
698 2773 801 2808 aliter3
822 2773 880 2808 Al:
903 2773 1010 2807 alicui;
1032 2772 1068 2799 B:
1093 2773 1166 2807 alie;
1189 2771 1328 2800 Coi-rexi.
1445 2768 1488 2798 23.
1511 2769 1550 2797 13:
1572 2774 1680 2798 contra
1700 2770 1789 2798 recia.

474 2828 520 2855 24.
541 2819 579 2847 B:
602 2819 661 2847 sibi
681 2827 734 2847 sor
753 2819 907 2856 (sequitur
928 2820 1063 2854 lacuna).

540 2938 587 2960 ιι.
613 2936 691 2971 pag.
716 2926 795 2969 637.
