2045 3312
294 261 384 289 CAP.
409 249 506 308 xv1.]
796 262 855 294 DE
883 261 1118 294 ECCLESIA.
1823 247 1903 300 367

140 381 176 414 G
200 380 279 412 180¹*
352 370 515 418 Quarto
554 367 742 421 arguitur
779 365 1090 420 ponderancius
1129 374 1301 418 propter
1342 364 1610 415 gravedinem
1666 370 1866 439 ῗῡὲἳῗνιῑεεέῗέΐ

292 439 530 491 argumenti
583 438 658 477 sic:
711 437 862 477 Nullus
914 436 1121 489 obligatus
1171 435 1248 474 sub
1298 448 1405 487 pena
1452 444 1611 487 peccati
1638 443 1880 507 fuzigldcgogtgel-

1582 503 1588 509 .
1781 489 1796 506 Π
1853 489 1888 506 l-

292 509 481 548 mortalis
525 508 577 547 ad
620 506 909 560 recipiendum
955 505 1207 557 temporalia
1252 518 1327 557 pro
1372 518 1414 543 se
1448 513 1488 543 et
1528 517 1612 543 suis
1661 513 1763 564 v,tine‘s
1784 515 1862 542 aims

293 577 603 619 successoribus
626 577 668 616 in
691 586 946 630 perpetuum
967 575 1009 614 in
1033 575 1113 615 hoc
1137 584 1294 627 peccat,
1324 575 1396 614 sed
1420 575 1613 615 Silvester
1640 549 1898 612 xuthogiitninorml

261 648 371 692 5fu1't
409 648 616 702 obligatus
656 648 733 686 sub
772 660 880 699 pena
922 646 1081 699 peccati
1122 645 1310 685 mortalis
1344 645 1400 685 sic
1432 645 1614 698 recipere

296 718 548 758 elemosinas
593 732 616 757 a
649 716 947 768 Constantino,
997 730 1094 769 ergo
1128 716 1169 754 in
1203 716 1283 756 hoc
1317 716 1434 755 nullo
1484 715 1614 754 modo

295 789 495 842 peccavit.
553 788 630 827 Hic
665 787 816 827 dicitur
848 787 964 841 quod
997 797 1175 840 utraque
1208 801 1302 840 pars
1335 786 1617 826 antecedentis

295 859 404 913 capit
438 858 739 911 calumpniam,
774 872 873 898 nam
906 857 1030 897 multi
1066 866 1164 897 sunt
1196 866 1312 896 actus
1345 858 1397 896 ad
1430 870 1617 910 quorum

295 929 606 982 obligacionern
648 929 843 968 homines
888 928 1159 979 inducuntur,
1206 928 1339 968 eciam
1386 928 1463 967 sub
1509 941 1617 980 pena

241 1021 279 1043 10
294 999 451 1053 peccati
491 999 677 1039 mortalis
710 998 932 1038 occasione
964 998 1289 1051 precedencium
1328 1007 1616 1051 peccatorum)
1696 1006 1846 1033 Answer:

295 1084 403 1124 quos
442 1079 559 1110 actus
601 1069 791 1109 faciendo
831 1078 1006 1122 peccant
1036 1068 1101 1107 vel
1133 1068 1366 1108 mortaliter
1396 1068 1461 1107 vel
1500 1040 1756 1106 veni-ilii&
1779 1049 1917 1103 Ἔῗτῖηὲῧ

294 1140 421 1180 aliter.
451 1139 516 1179 Sic
550 1139 664 1179 enim
687 1148 908 1192 peccatum
930 1139 1128 1192 illaqueat
1150 1139 1310 1178 multos
1338 1138 1618 1178 insolubiliter
1641 1110 1899 1181 ῐὴὲἑεὲῐεεῖῗιῗοῐ

293 1211 345 1249 ad
384 1211 661 1263 peccandum,
702 1219 741 1249 et
780 1210 875 1249 hinc
922 1212 987 1263 (ut
1028 1217 1147 1249 notat
1180 1207 1461 1262 Augustinus)
1502 1209 1616 1247 Psal-

296 1281 419 1320 mista
463 1290 582 1334 rogat
630 1281 680 1319 de
725 1279 1042 1320 necessitatibus
1085 1279 1263 1329 liberari,
1309 1279 1380 1318 sed
1426 1278 1619 1332 quamvis

244 1361 280 1394 15
296 1351 426 1390 homo
460 1350 511 1390 sit
540 1351 581 1389 in
605 1350 749 1390 multis
774 1350 935 1389 casibus
965 1349 1238 1389 necessitatus
1268 1349 1319 1388 ad
1343 1349 1619 1402 peccandum,

296 1431 438 1460 tamen
472 1430 511 1460 et
544 1420 698 1473 poterit
731 1420 905 1460 faciliter
937 1434 1023 1460 non
1064 1433 1250 1472 peccare,
1284 1429 1323 1459 et
1355 1433 1442 1458 non
1475 1433 1497 1458 a
1530 1419 1620 1458 Deo

297 1492 368 1531 sed
401 1506 424 1531 a
456 1500 628 1544 peccato
653 1490 762 1543 capit
785 1490 1075 1530 necessitatem
1105 1499 1151 1530 ut
1179 1499 1334 1542 peccet,
1365 1503 1451 1529 non
1480 1499 1621 1530 tamen

298 1562 421 1602 debet
452 1562 517 1601 vel
548 1570 714 1601 tenetur
746 1575 929 1614 peccare.

208 1642 243 1674 H
267 1643 283 1674 1
358 1633 414 1673 Ut
445 1641 588 1672 autem
620 1631 698 1671 ista
730 1631 941 1671 sentencia
985 1630 1236 1684 palpabilius
1268 1630 1469 1681 videatur,
1504 1643 1620 1683 pono
1686 1638 1863 1674 Examples.

242 1702 487 1755 20primum
535 1702 775 1754 exemplum
820 1702 861 1740 in
908 1715 994 1754 quo
1040 1701 1134 1754 quis
1181 1701 1258 1740 sub
1292 1714 1399 1753 pena
1432 1700 1620 1740 mortalis

299 1781 488 1812 teneatur
519 1772 688 1811 reddere
721 1771 913 1811 debitum
944 1771 1062 1810 uxori
1096 1785 1173 1823 pro
1207 1771 1443 1810 excusanda
1466 1772 1620 1811 utrius-

299 1856 381 1895 que
426 1841 612 1892 libidine,
657 1851 696 1881 et
739 1841 781 1880 in
827 1841 1069 1880 reddicione
1102 1850 1246 1893 peccet
1278 1841 1513 1881 mortaliter
1552 1851 1624 1881 aut

299 1912 531 1964 venialiter3
570 1911 673 1951 nulli
713 1911 891 1951 dubium
929 1911 1033 1964 quin
1073 1924 1191 1950 casus
1232 1910 1283 1950 sit
1324 1911 1534 1963 possibilis
1586 1920 1625 1951 et

301 1996 398 2035 sepe
430 1982 633 2022 accidens.

264 2062 288 2095 2
359 2054 480 2092 Pono
521 2052 757 2092 secundum
797 2052 1039 2104 exemplum
1073 2051 1115 2090 in
1149 2065 1235 2104 quo
1271 2052 1396 2090 abbas
1435 2060 1626 2091 teneatur

302 2124 379 2162 sub
418 2136 526 2175 pena
563 2122 752 2161 mortalis
791 2122 972 2174 recipere
1012 2135 1120 2161 onus
1161 2135 1235 2161 sue
1275 2121 1445 2161 ecclesie
1478 2121 1530 2160 ad
1562 2134 1623 2159 re-

299 2194 534 2247 gulandum
565 2192 758 2245 religiose
791 2206 916 2232 suum
947 2192 1195 2245 capitulum,
1220 2192 1271 2230 ad
1294 2192 1625 2244 dispensandum

300 2263 477 2303 fideliter
509 2263 648 2316 egenis
683 2262 934 2302 elemosinas
968 2276 1071 2315 quas
1104 2261 1250 2314 recipit
1272 2262 1324 2301 ad
1346 2261 1460 2301 hunc
1483 2275 1624 2311 usum,

302 2343 341 2372 et
382 2335 434 2373 ad
478 2333 709 2372 vivendum
751 2332 793 2371 in
840 2347 882 2372 se
928 2341 968 2371 et
1013 2345 1090 2371 suo
1125 2331 1312 2384 capitulo
1345 2331 1627 2371 inseculariter

245 2413 287 2445 30
302 2404 538 2444 secundum
575 2403 766 2456 regulam
805 2402 1002 2442 traditam
1041 2416 1064 2441 a
1101 2411 1296 2455 patrono.
1336 2402 1389 2441 Et
1421 2415 1537 2455 pono
1576 2402 1626 2440 de

356 2571 383 2599 7.
405 2564 433 2590 A
447 2563 476 2590 in
493 2571 606 2599 marg:
628 2563 814 2599 Responsio.
837 2563 858 2590 Β
874 2562 905 2590 in
921 2570 1035 2597 marg:
1056 2561 1143 2589 Multi
1165 2566 1235 2589 sunt
1256 2567 1340 2589 actus
1356 2570 1435 2598 quos
1451 2561 1627 2596 obligamur

304 2610 450 2645 perlicere
467 2610 523 2637 sub
540 2618 652 2645 magna
668 2618 758 2645 pena,
779 2617 859 2645 quos
874 2608 1036 2645 implendo
1053 2616 1221 2644 peccamus
1237 2608 1416 2636 mortaliter.
1526 2606 1563 2634 13.
1586 2607 1624 2634 B:

303 2656 350 2683 hic
371 2661 403 2684 ut
423 2662 518 2685 notat.
664 2665 705 2691 ¹9-
726 2657 756 2684 A
777 2656 806 2684 in
828 2664 941 2691 marg:
962 2655 1055 2683 Nota.
1203 2663 1246 2683 22.
1269 2657 1313 2683 A:
1335 2656 1439 2684 libine.

367 2777 416 2809 13.
455 2779 543 2819 Aug.
576 2776 626 2807 De
662 2776 792 2807 Natura
819 2782 851 2807 et
878 2775 1002 2807 Gracia
1034 2783 1152 2807 contra
1180 2775 1360 2818 Pelagium
1394 2785 1467 2817 cap.
1504 2775 1621 2806 LXVI.

305 2834 398 2877 Opp.
436 2841 521 2866 tom.
547 2835 587 2876 X,
626 2845 703 2877 pag.
747 2833 821 2875 161,
854 2834 905 2865 De
931 2834 1156 2866 Perfeccione
1183 2833 1331 2865 iustitiae
1358 2832 1513 2864 hominis
1540 2832 1622 2864 ibid.

304 2900 389 2924 tom.
415 2893 455 2935 X,
483 2903 559 2935 pag.
591 2904 654 2935 170
681 2900 744 2924 etc.
