2045 3312
130 278 216 320 474

139 1675 207 1702 The
229 1674 355 1703 Church
377 1674 401 1701 is

155 1712 184 1738 {it
204 1716 234 1738 to
256 1718 390 1744 espouse

141 1746 245 1773 Christ
268 1746 399 1772 because

173 1782 207 1808 (η’
225 1782 274 1808 tlic
297 1788 366 1814 pre-

150 1815 335 1843 destination
359 1815 393 1842 of

150 1852 203 1879 her
223 1851 389 1887 meinbers7

857 274 1082 307 JOHANNIS
1109 276 1303 309 wvcrir.
1536 266 1642 326 [mv.
1666 279 1732 308 xx.

421 382 660 421 indistincte
703 381 816 421 videt
861 382 1015 420 domos
1058 382 1146 422 eius
1178 393 1217 423 et
1249 384 1328 424 alia
1361 397 1622 428 ornamenta.
1657 389 1742 428 Nec
1764 405 1841 443 μω
1864 402 1898 434 Β

420 452 709 492 sufficeremus
756 452 813 491 sic
853 465 1032 503 cernere,
1068 453 1144 492 nisi
1179 453 1289 494 dicta
1322 456 1474 495 mulier
1518 472 1539 496 a
1585 472 1744 511 sponso

421 523 535 576 prius
568 523 609 562 in
643 522 882 563 racionibus
917 523 1228 576 exemplaribus
1261 534 1303 564 et
1335 525 1562 567 visceribus
1585 528 1745 568 miseri—

421 593 561 633 cordie
585 593 635 633 sit
659 593 839 632 inventa.
866 593 986 633 Unde
1010 602 1107 646 post
1131 595 1450 635 conclusionem
1480 598 1747 651 propositam

420 664 705 717 supponendo
755 663 871 716 quod
924 662 992 702 ille
1047 663 1205 704 invenit
1249 665 1356 705 hanc
1408 667 1629 707 mulierem
1676 669 1781 722 qui5

421 735 656 775 secundum
700 734 963 774 divinitatem
1008 742 1069 773 est
1112 734 1361 787 immensus,
1395 751 1418 776 a
1450 737 1569 777 cuius
1614 739 1748 779 oculis

422 805 549 844 nichil
582 813 719 857 potest
753 818 840 843 esse
880 804 1178 844 absconditum
1211 814 1250 845 et
1282 807 1518 846 secundum
1551 808 1747 848 humani-

421 884 551 914 tatem
574 875 762 914 ascendit
784 888 909 927 super
933 888 1083 914 omnes
1108 875 1233 927 celos,
1258 877 1453 917 subditur
1480 878 1749 918 inventorem

421 945 542 984 illum
582 944 724 998 quoad
763 954 958 984 naturam
1000 953 1039 984 et
1072 946 1213 998 quoad
1245 954 1415 999 tempus
1448 959 1642 1001 respectu
1677 964 1748 1003 pa-

421 1025 533 1054 trum
567 1023 756 1054 veterum
785 1029 873 1055 esse
906 1016 1067 1068 procul,
1102 1015 1210 1056 sicut
1243 1026 1281 1057 et
1313 1018 1466 1058 mulier
1497 1019 1569 1059 illa
1602 1020 1749 1073 procul
1771 1040 1809 1062 10

433 1095 517 1125 erat
549 1085 736 1125 localiter
767 1100 789 1125 a
823 1086 974 1138 Iudeis,
1006 1086 1161 1140 partim
1182 1086 1224 1126 in
1249 1087 1338 1127 celo
1361 1090 1596 1129 secundum
1625 1103 1749 1144 ange-

429 1156 493 1195 los
527 1165 565 1195 et
597 1155 750 1208 partin]
793 1157 833 1195 in
866 1166 973 1196 terra
1005 1158 1242 1197 secundum
1273 1168 1417 1212 gentes
1450 1173 1527 1212 pro
1559 1169 1752 1214 tempore

429 1225 563 1279 gracie
597 1227 914 1278 convertendas,
947 1228 1055 1267 sicut
1087 1228 1235 1281 procul
1268 1237 1353 1268 erat
1384 1243 1406 1269 a
1435 1230 1524 1270 Deo
1559 1244 1632 1284 per
1663 1231 1750 1270 cul-

430 1311 541 1349 pam,
588 1310 685 1336 cum
729 1311 816 1336 non
860 1297 911 1337 sit
955 1298 1155 1350 possibile
1199 1299 1430 1353 quicquam
1469 1314 1557 1340 esse
1601 1315 1623 1340 a
1661 1300 1751 1340 Deo

429 1366 656 1406 distancius
704 1381 835 1420 quam
891 1377 1125 1421 peccatum.
1172 1369 1343 1409 Inventa
1389 1369 1530 1424 itaque
1577 1370 1808 1415 mulierem

424 1436 519 1476 forti
574 1437 813 1489 copulanda
862 1437 903 1476 in
957 1438 1096 1490 primo
1151 1439 1350 1492 coniugio
1403 1439 1636 1480 videndum
1691 1450 1780 1484 est1

420 1509 608 1548 secundo
651 1508 701 1547 de
740 1508 825 1547 suis
872 1508 1155 1561 passionibus,
1202 1518 1347 1549 utrum
1380 1510 1432 1550 sit
1465 1520 1561 1564 apta
1594 1511 1791 1555 nubere2

423 1588 542 1618 tanto
576 1589 757 1631 sponso;
797 1587 836 1618 et
875 1580 1103 1631 respondet
1134 1579 1252 1619 litera
1286 1591 1594 1634 consequenter
1635 1583 1751 1635 quod

423 1649 473 1688 de
518 1648 679 1688 ultimis
708 1649 876 1702 finibus
916 1650 1114 1702 precium
1160 1651 1264 1690 eins.
1314 1651 1444 1699 Quod
1488 1651 1655 1692 videtur
1695 1652 1751 1691 sic

424 1733 548 1772 posse
582 1719 775 1773 intelligi:
811 1733 934 1759 causa
967 1718 1101 1759 finalis
1136 1735 1263 1774 quare
1298 1721 1469 1761 ecclesia
1503 1731 1562 1761 est
1601 1722 1750 1775 valida,
1767 1742 1809 1764 πο

424 1799 469 1829 ut
503 1790 671 1830 Christo
706 1790 1069 1830 matrimonialiter
1092 1791 1384 1844 coniungatur,
1419 1801 1518 1831 sunt
1551 1792 1749 1845 predesti—

425 1860 622 1900 naciones
671 1874 850 1900 suorum
897 1861 1202 1902 membrorum.
1257 1862 1367 1901 Nam
1420 1875 1544 1901 causa
1591 1863 1750 1902 celestis

424 1930 685 1983 particularis
726 1930 913 1983 coniugii
954 1941 1014 1971 est
1055 1946 1164 1985 opus
1198 1932 1463 1972 meritorium
1494 1931 1678 1983 viatoris,
1713 1942 1753 1973 et

425 2014 549 2040 causa
582 2001 719 2054 operis
743 2001 944 2040 meritorii
979 2011 1039 2041 est
1071 2002 1208 2055 gracia
1232 2001 1383 2053 infusa,
1409 2011 1448 2042 et
1472 2015 1595 2041 causa
1618 2002 1752 2055 gracie

428 2070 562 2110 infuse
602 2081 662 2111 est
701 2071 1007 2124 predestinacio
1047 2085 1130 2125 que
1163 2072 1282 2125 quasi
1316 2071 1491 2112 ultimus
1524 2070 1617 2110 finis
1652 2072 1751 2112 citra
1770 2085 1808 2117 25

427 2142 565 2181 Deum
611 2140 824 2194 dignificat
869 2141 1086 2181 ecclesiam
1131 2143 1182 2181 ad
1221 2142 1325 2181 illud
1359 2141 1620 2195 coniugium,
1655 2143 1749 2196 quia

426 2216 490 2264 (ut
539 2211 688 2251 dicitur
725 2211 926 2251 Johannis
960 2212 1009 2264 1⁰,
1059 2210 1138 2264 16),
1173 2212 1224 2252 de
1257 2216 1349 2252 eius
1373 2212 1643 2264 plenitudine
1676 2226 1752 2253 nos

425 2295 572 2322 omnes
606 2283 851 2334 accepimus
881 2284 1080 2336 graciam
1109 2297 1195 2335 pro
1228 2283 1398 2337 gracia.
1424 2283 1533 2322 Nam
1567 2296 1614 2321 ex
1648 2283 1750 2322 cari-

424 2362 507 2392 tate
532 2362 673 2392 eterna
695 2352 808 2391 dedit
831 2352 953 2391 nobis
976 2353 1190 2392 caritatem
1214 2352 1486 2393 subiectivam
1515 2353 1748 2392 secundum

426 2437 555 2476 quam
589 2436 686 2462 cum
721 2436 846 2475 opere
879 2422 1095 2462 meritorio
1119 2423 1249 2463 simus
1280 2423 1394 2476 digni
1429 2423 1493 2461 vel
1528 2421 1592 2476 (ut
1624 2422 1750 2462 habet
1766 2433 1808 2465 30

425 2494 541 2533 litera
593 2492 839 2547 Augustini)
891 2494 1201 2545 preciosiorem
1262 2494 1473 2546 preciosis
1532 2492 1750 2544 lapidibus

424 2577 505 2616 que
537 2563 795 2604 eiuscemodi
826 2570 909 2613 est;
956 2577 1053 2604 cum
1087 2578 1172 2618 quo
1206 2565 1335 2604 verbo
1368 2563 1506 2603 innuit
1540 2563 1749 2603 eiusmodi

479 2757 505 2783 7.
528 2750 554 2776 Α
577 2750 605 2776 iu
628 2758 744 2783 marga
766 2749 860 2777 Solus
881 2748 1024 2777 Christus
1046 2750 1144 2784 poluit
1166 2750 1257 2777 talem
1280 2750 1443 2777 mulierem
1464 2748 1577 2776 fortem
1598 2749 1749 2783 invenire,

426 2804 485 2831 que
506 2800 550 2823 cst
571 2804 627 2823 sua
649 2804 764 2831 sponsa
787 2797 908 2829 (Above
929 2803 999 2832 ¹94¹*
1019 2797 1149 2824 without
1171 2797 1257 2824 mark
1280 2796 1316 2823 of
1333 2795 1511 2830 reference).

487 2915 539 2948 31.
567 2916 656 2958 Aug.
684 2916 704 2947 1.
730 2926 758 2947 c.
786 2925 856 2958 cap.
886 2915 940 2947 ΙΙΙ.

2031 238 2045 312 h*

2034 512 2045 592 -υι-ας
