2045 3312
182 256 259 293 550
895 259 1119 294 JOHANNIS
1148 260 1345 294 WYCLIF.
1554 246 1661 305 [CAP.
1685 256 1793 286 xxm.

189 376 426 449 ἕέὲῗέιςῑὲιτςὲυὲὲ
476 367 624 407 tenciis
649 376 689 406 et
714 367 1071 418 Remissionibus,
1099 379 1187 419 cap.
1213 365 1496 420 Indzclgencie
1519 367 1560 405 in
1585 366 1795 419 principio

193 448 301 477 served
322 452 353 476 to
375 455 440 483 pre·
469 452 542 491 per
574 436 962 489 Archidiaconum;
1004 436 1117 476 unde
1163 449 1310 476 omnes
1360 437 1458 476 istas
1505 437 1795 490 indulgencias

176 484 645 548 ὲὲξιῖὃιῗιὲῗιῗῑὶὲῗιὲπωὴυηῑ
679 516 719 547 et
751 507 937 548 limitant
971 508 1023 546 ad
1056 508 1241 560 prelatos
1277 507 1462 548 ecclesie.
1500 507 1624 548 Unde
1663 516 1795 547 statu-

468 588 546 619 unt
595 578 672 618 sibi
722 591 799 631 pro
846 578 990 630 regula
1040 578 1156 631 quod
1204 577 1320 617 solus
1365 591 1474 630 papa
1521 586 1661 631 potest
1694 578 1793 617 dare

468 649 610 704 quoad
645 648 789 688 locum
824 658 864 688 et
897 657 1066 701 tempus
1100 647 1392 700 indulgencias
1427 648 1658 701 generales,
1707 649 1790 701 epi-

468 719 585 772 scopi
631 727 774 758 autem
826 718 986 757 habent
1034 725 1292 770 potestatem
1338 717 1562 758 limitatam
1612 717 1792 758 faciendi

468 788 773 842 indulgencias.
816 789 924 828 Nam
966 801 1063 827 curn
1106 787 1303 828 dedicant
1343 789 1553 841 ecclesias,
1595 803 1679 829 non
1726 802 1794 829 ex·

469 860 658 901 tenditur
699 871 848 898 eorum
889 858 1160 911 indulgencia
1201 859 1308 898 ultra
1349 872 1523 910 annum,
1568 860 1737 899 eciamsi
1772 874 1793 899 a

468 930 662 984 pluribus
710 929 922 983 episcopis
968 928 1200 968 dedicetur.
1249 929 1293 968 In
1341 929 1431 968 aliis
1485 939 1630 969 autem
1684 930 1793 970 ultra

469 1014 695 1041 numerum
744 999 1030 1054 quadraginta
1071 999 1237 1039 dierum
1272 1012 1356 1039 non
1392 1008 1531 1053 potest
1571 1001 1794 1054 episcopus

471 1072 708 1124 indulgere,
733 1078 1061 1123 verumptamen
1096 1070 1323 1123 episcopus
1358 1070 1634 1110 confirmatus
1678 1081 1793 1112 ante·

477 1156 606 1196 quam
657 1141 710 1182 sit
753 1141 966 1193 sacerdos,
1013 1141 1122 1181 sicut
1167 1150 1206 1180 et
1253 1141 1377 1193 legati
1423 1154 1507 1180 non
1554 1142 1796 1182 sacerdotes

472 1213 633 1252 faciunt
682 1211 989 1264 indulgencias,
1023 1210 1120 1264 quia
1154 1211 1229 1250 hec
1265 1220 1452 1264 potestas
1487 1213 1621 1264 magis
1655 1213 1714 1253 eis
1748 1227 1796 1253 ex

472 1283 772 1324 iurisdiccione
821 1296 951 1335 quarn
998 1296 1046 1322 ex
1091 1282 1252 1321 ordine.
1302 1282 1526 1323 Inferiores
1567 1293 1710 1324 autem
1750 1294 1796 1325 ut

473 1354 647 1394 abbates
687 1362 726 1393 et
760 1352 983 1406 presbiteri
1030 1366 1114 1392 non
1151 1362 1333 1405 possunt
1366 1354 1660 1407 indulgencias
1694 1355 1795 1396 tales

474 1425 706 1465 concedere
753 1424 922 1478 publice
969 1436 1016 1462 ex
1063 1423 1319 1463 auctoritate
1366 1424 1665 1476 iurisdicionis,
1723 1426 1796 1465 sed

472 1496 636 1549 private
670 1494 711 1534 in
736 1495 830 1535 foro
853 1494 1091 1547 penitencie
1126 1492 1191 1549 (ut
1224 1503 1342 1548 patet
1376 1497 1417 1534 in
1452 1495 1515 1534 De
1542 1495 1796 1535 Penitenciis

473 1576 513 1607 et
548 1564 906 1614 Remissionibus,
950 1565 1135 1617 capitulo
1169 1564 1492 1619 Indulgencie);
1535 1579 1662 1618 super
1694 1579 1795 1605 vero

472 1636 767 1676 conceduntur
795 1648 868 1687 per
903 1635 1177 1675 Innocentem
1204 1645 1241 1676 et
1265 1635 1651 1676 Archidiaconum:
1687 1636 1794 1686 licet,

472 1707 624 1760 inquit,
657 1706 852 1746 restricta
885 1706 940 1746 sit
965 1712 1156 1758 potestas
1184 1706 1234 1746 de
1256 1705 1539 1760 indulgenciis
1572 1719 1652 1760 que
1675 1707 1828 1760 fiuntz

465 1778 649 1831 publice,
675 1783 913 1816 nontamen
938 1777 979 1815 in
991 1776 1101 1830 foro
1128 1777 1405 1830 penitenciali
1426 1778 1468 1817 in
1492 1791 1573 1831 quo
1595 1777 1796 1817 sacerdos

468 1854 604 1901 potest
626 1847 856 1901 indulgere
876 1860 1014 1887 annos
1038 1854 1076 1886 et
1098 1846 1186 1887 dies
1206 1847 1435 1887 dummodo
1455 1848 1637 1888 discrete
1650 1847 1797 1902 faciat

473 1925 510 1958 et
524 1918 815 1970 penitenciam
841 1918 1074 1957 iniunctam
1092 1931 1175 1971 per
1198 1919 1465 1971 superiorem
1490 1932 1570 1958 non
1595 1918 1792 1958 remittat.

191 2009 234 2036 So
257 2008 348 2036 much
372 2008 446 2036 time
533 1988 626 2028 Istis
669 1988 886 2040 premissis
921 1997 1051 2028 restat
1084 1987 1225 2027 videre
1260 1989 1497 2041 expressius
1532 1989 1633 2041 quid
1674 1997 1795 2028 sonat

199 2044 439 2114 ⁰¹m¹g¹fssssffi¹ssfe
474 2059 652 2098 verbum
699 2058 870 2111 prelati:
903 2058 1085 2098 Remitto
1125 2059 1198 2098 tibi
1243 2065 1409 2098 tantum
1453 2065 1619 2111 tempus
1657 2058 1794 2098 indul-

181 2116 213 2147 α)
224 2114 273 2142 the
283 2114 458 2149 equivatem
591 2130 598 2136 ·
958 2129 965 2136 .
1172 2129 1178 2135 .
1193 2129 1218 2148 ,-
1555 2129 1561 2135 .

181 2142 621 2183 ofsomuchtem.gellC28
664 2142 749 2182 pro
795 2136 998 2182 peccatlS,
1048 2137 1087 2168 Εἰ
1140 2129 1297 2169 d1c1tur
1345 2138 1632 2169 communiter
1682 2130 1796 2182 quod

183 2185 268 2219 pora!
304 2192 456 2218 penance;
504 2200 511 2206 .
742 2200 748 2206 .
822 2200 828 2205 .
1055 2200 1062 2206 .
1705 2200 1711 2206 .

223 2221 251 2252 b)
272 2227 306 2245 so
328 2220 419 2246 much
475 2208 633 2239 vlrtute
680 2200 773 2239 talis
821 2199 1090 2252 mdulgencie
1130 2213 1203 2252 per
1243 2208 1411 2239 tantum
1446 2208 1615 2252 tempus
1657 2213 1797 2240 minus

207 2254 390 2289 shortening
411 2255 446 2282 of
558 2270 564 2275 .
621 2270 627 2276 .
694 2271 700 2276 .
982 2270 988 2276 .
1281 2270 1287 2275 .
1401 2270 1406 2275 .
1445 2270 1451 2276 .
1768 2270 1774 2276 .

190 2290 264 2318 time
285 2289 314 2316 ῃ,
336 2289 452 2325 Purga-
475 2283 652 2323 pacierts
693 2284 733 2308 in
768 2278 1033 2322 purgatorio,
1086 2278 1125 2308 et
1165 2270 1245 2309 hoc
1279 2270 1453 2322 intelligi
1488 2279 1626 2322 potest
1660 2270 1794 2323 dupli-

280 2328 359 2360 ΨΥ·
475 2339 589 2391 citer,
622 2341 687 2379 vel
721 2340 836 2393 quod
870 2339 1137 2393 indulgencia
1168 2340 1321 2380 habeat
1355 2338 1585 2379 efficaciam
1619 2348 1795 2393 tantam,

474 2420 679 2464 quantam
720 2418 886 2450 tantum
928 2411 1133 2464 temporis
1172 2424 1247 2464 pro
1288 2410 1526 2463 penitencia
1566 2411 1693 2450 huius
1732 2411 1828 2451 vie”

475 2481 618 2534 quoad
651 2489 810 2520 statum
845 2481 1096 2534 purgatorii,
1131 2481 1197 2521 vel
1229 2481 1416 2521 secundo
1451 2481 1567 2534 quod
1601 2481 1651 2521 de
1675 2489 1795 2522 tanto

527 2650 552 2679 3.
574 2653 601 2679 A
622 2651 651 2679 in
673 2659 789 2686 marg.:
811 2651 1011 2687 Indulgcncia
1035 2652 1087 2688 <
1109 2637 1330 2711 ΞΞΞΕΟΟΡΟΓἮΠ
1471 2651 1507 2680 13.
1529 2658 1684 2689 potestas3
1705 2655 1744 2690 Αι
1766 2657 1796 2684 in

475 2730 573 2757 marg.
610 2721 711 2749 addit:
742 2722 895 2750 convenit.
1054 2731 1093 2756 ¹4·
1123 2722 1162 2750 B:
1193 2723 1367 2751 Inseremes
1399 2728 1512 2751 autern.
1659 2733 1701 2759 ¹4-
1723 2724 1744 2752 B
1766 2726 1795 2753 in

476 2777 589 2804 marg.:
621 2769 761 2797 Potestas
783 2769 966 2804 indulgendi
988 2775 1034 2798 est
1056 2779 1091 2798 ex
1112 2770 1334 2798 iurisdiccione
1358 2775 1385 2798 et
1407 2778 1468 2798 non
1490 2779 1525 2798 ex
1547 2771 1667 2807 ordine,
1696 2776 1726 2799 ut
1748 2771 1796 2799 hic

475 2821 565 2851 patet.
709 2822 752 2843 22.
774 2818 818 2843 A:
846 2816 987 2844 discreta.
1132 2825 1177 2849 24.
1206 2817 1234 2845 A
1259 2817 1279 2843 B
1301 2817 1330 2844 in
1353 2824 1470 2853 marg.:
1499 2816 1579 2845 Nota
1600 2817 1673 2853 quid
1708 2823 1797 2845 sonat

475 2862 527 2895 (Bt
551 2862 636 2898 hoc):
659 2861 791 2891 Remitto
812 2863 867 2891 tibi
889 2867 1010 2892 tantum
1032 2868 1156 2899 tempus
1173 2863 1369 2899 indulgencie
1390 2872 1445 2899 pro
1466 2864 1612 2900 peccatis.
1694 2863 1736 2892 25.
1757 2863 1795 2891 B:

476 2907 607 2937 Remitto
629 2909 684 2937 tibi
705 2914 838 2945 tempus.

1813 377 1893 410 203⁶
1911 379 1944 412 A

1815 1023 1852 1044 lo

1816 1365 1851 1396 15

1816 2070 1853 2101 25

1814 2432 1855 2454 ³0
