2045 3312
135 292 214 344 376
846 300 1071 332 JOHANNIS
1098 300 1294 331 wvcfflr.
1537 286 1643 344 [cmx
1664 297 1746 325 xvi.

139 414 385 462 >a11dz3-collesse
485 406 616 445 Debet
651 420 748 459 crgo
784 406 902 445 miles
936 406 990 445 ire
1024 406 1074 445 ad
1108 405 1332 445 dominum
1369 414 1472 444 terre
1512 414 1550 445 et
1584 415 1846 450 narrareissib
1870 418 1902 452 0

131 458 165 512 {3
181 449 409 519 ἳιὲζιιιιῗρῖμυὲἓῑ
425 476 499 515 sibi
518 476 791 516 condiciones
811 476 902 515 talis
919 475 1097 530 collegii,
1122 485 1161 516 et
1183 484 1326 515 totum
1349 489 1526 528 regnum
1543 485 1752 516 teneretur

247 520 294 548 ὦ
426 546 655 600 collegium
703 547 783 586 talc
828 560 1090 586 venenosum
1139 547 1344 600 expellere
1389 556 1427 586 et
1473 561 1572 586 cum
1627 546 1751 586 bonis

425 631 506 670 que
538 616 629 656 talis
663 616 775 669 legio
811 626 1048 670 occuparet,
1081 616 1111 656 si
1137 616 1260 656 fuerit
1293 617 1540 669 elemosina,
1574 617 1748 656 militem

423 687 619 726 relevare.
655 687 706 726 Et
740 695 854 739 patet
887 687 1004 740 quod
1037 687 1119 726 hoc
1153 686 1239 726 fieri
1287 696 1431 740 posset
1479 687 1664 740 legaliter
1703 700 1782 730 ex5

423 757 536 796 dicto
571 756 677 796 beati
712 756 928 795 Ambrosii
975 757 1118 809 posito
1172 757 1212 795 in
1246 757 1419 797 decretis
1465 757 1572 809 Xlla,
1607 771 1645 810 q.
1681 757 1750 808 11²¹,

154 836 321 882 Jndgmqnt
343 834 377 862 os
421 827 606 866 Aurum.
640 827 822 874 Aurum,
862 826 1012 880 inquit,
1051 827 1175 867 habet
1214 828 1394 870 ecclesia
1421 840 1504 867 non
1529 835 1574 866 ut
1609 835 1753 867 servet

183 870 352 898 Ambmbe'
421 895 496 935 sed
527 902 570 935 ut
604 903 754 950 eroget
785 902 824 935 et
855 896 1080 936 subveniat
1113 897 1152 936 in
1179 897 1513 937 necessitatibus.
1553 897 1668 945 Quid
1691 903 1752 937 est

421 980 528 1019 opus
561 966 776 1006 custodire
808 966 921 1019 quod
959 967 1064 1006 nilzil
1102 967 1316 1008 adiuvat?
1376 966 1443 1006 An
1492 969 1750 1021 ignoramus

422 1044 630 1091 quantum
665 1038 766 1077 auri
797 1044 922 1090 atque
955 1038 1129 1091 argenti
1152 1038 1203 1077 de
1225 1038 1381 1091 templo
1411 1038 1573 1078 domini
1596 1039 1750 1078 Assirii
1770 1060 1808 1080 ιο

422 1108 734 1148 sustulerunt?
765 1108 919 1148 Nonne
952 1109 1104 1148 melius
1137 1109 1296 1160 conflat
1332 1108 1535 1148 sacerdos
1566 1115 1748 1161 propter

422 1179 675 1218 alimoniam
692 1192 956 1232 pauperum,
982 1179 1018 1218 si
1041 1179 1188 1232 aliqua
1211 1178 1402 1218 subsidia
1426 1178 1592 1232 desunt,
1619 1192 1746 1231 quam

422 1250 458 1289 si
491 1249 737 1303 sacrilegus
769 1250 1035 1289 contaminat
1068 1255 1108 1290 et
1139 1256 1333 1302 asportat
1372 1249 1534 1288 hostis?
1596 1249 1748 1288 Nonne

423 1319 620 1359 dicturus
652 1326 714 1360 est
745 1319 967 1359 dominus:
1003 1319 1091 1359 Cur
1112 1332 1274 1372 passus
1297 1333 1341 1359 es
1373 1325 1432 1359 tot
1453 1320 1600 1372 inopes
1619 1319 1748 1373 fame

423 1389 567 1429 mori?
618 1389 673 1429 Et
712 1396 825 1430 certe
858 1390 1046 1430 habebas
1084 1403 1257 1442 aurum,
1305 1390 1417 1430 unde
1462 1390 1806 1430 ministrasses15

420 1460 685 1500 alimoniam.
725 1460 817 1500 Cur
851 1466 908 1499 tot
941 1460 1096 1514 captiui
1127 1461 1168 1500 in
1194 1460 1495 1501 commercium
1527 1460 1643 1500 ducti
1676 1473 1752 1500 nec

422 1530 629 1584 redempti
659 1531 712 1570 ab
736 1531 852 1571 hoste
875 1531 1004 1571 occisi
1024 1530 1159 1570 sunt?
1192 1531 1352 1570 Melius
1370 1530 1535 1585 fuerat
1568 1537 1613 1570 ut
1646 1544 1750 1570 vasa

421 1601 659 1641 vivencium
683 1614 886 1642 servares
908 1615 1037 1654 quam
1063 1601 1363 1650 metallorum,·
1393 1601 1472 1640 Iziis
1502 1614 1584 1640 non
1602 1607 1750 1654 posset

420 1684 675 1724 responsum
716 1671 895 1726 deferri.
966 1671 1079 1720 Quid
1123 1671 1233 1710 enim
1273 1670 1462 1711 diceres:
1515 1671 1655 1710 Timui
1698 1684 1749 1710 ne

421 1742 573 1795 templo
606 1742 689 1781 Dei
731 1747 909 1781 ornatus
949 1741 1143 1782 deesset?>
1194 1741 1377 1790 Aurum,
1411 1741 1562 1795 inquit,
1595 1754 1806 1780 sacra-20

422 1818 563 1851 menta
597 1825 679 1851 non
723 1818 922 1865 querunt,
975 1824 1111 1864 neque
1153 1825 1262 1850 auro
1306 1812 1482 1864 placent
1518 1825 1597 1864 que
1638 1824 1747 1851 auro

421 1896 505 1922 non
540 1889 754 1922 emuntur.
796 1881 989 1922 Ornatus
1011 1895 1240 1922 sacrorum
1266 1888 1326 1921 est
1349 1882 1592 1935 redempcio
1615 1882 1746 1934 capti-

421 1966 589 2004 vorum,
622 1960 662 1993 et
692 1965 792 1992 uere
824 1959 927 1992 sunt
951 1953 1026 1992 illa
1056 1965 1160 1992 vasa
1186 1953 1387 2005 preciosa
1420 1965 1500 2004 que
1532 1952 1749 1991 redimunt

420 2023 590 2063 animas
630 2036 656 2062 a
696 2029 843 2063 morte.
907 2022 989 2063 Ille
1026 2036 1154 2063 verus
1200 2029 1262 2062 est
1313 2023 1546 2062 thesaurus
1589 2021 1749 2061 domini

421 2094 495 2146 qui
527 2100 736 2147 operatur
769 2093 887 2146 quod
917 2094 1100 2147 sanguis
1132 2094 1222 2133 eius
1255 2099 1461 2146 operatus
1493 2099 1567 2132 est.
1764 2097 1804 2129 25

152 2175 257 2203 ‘rhem
277 2176 382 2203 words
481 2164 541 2202 Ex
575 2163 661 2203 istis
693 2163 828 2202 verbis
860 2162 985 2203 huius
1019 2163 1205 2203 doctoris
1238 2163 1487 2203 sanctissimi
1521 2172 1559 2202 et
1591 2162 1740 2202 decreti
1803 2165 1838 2199 P

147 2211 234 2279 {¹¹13ss
248 2211 318 2282 12¹2?ss
334 2212 389 2273 iiiiii
421 2233 598 2285 videtur,
632 2233 770 2286 primo
805 2234 919 2286 quod
952 2233 1034 2287 regi
1068 2233 1164 2272 licet
1196 2233 1238 2272 in
1266 2241 1458 2286 tempore
1492 2232 1776 2272 necessitatis1

131 2280 247 2308 chureii
268 2286 407 2308 treas-ure
537 2303 542 2309 .
595 2303 602 2310 .
637 2303 643 2309 .
1097 2303 1103 2309 .
1207 2303 1214 2309 .
1375 2303 1381 2308 .
1481 2303 1487 2308 .

182 2316 358 2343 toredeem
423 2303 668 2356 mult1pl1c1s
700 2303 858 2343 auferre
893 2303 1049 2342 nedum
1095 2303 1243 2343 iocalia
1289 2303 1383 2343 cleri
1427 2317 1489 2342 sui
1534 2302 1746 2356 superflua

192 2356 341 2386 captives,
423 2374 495 2413 sed
527 2382 567 2413 et
600 2373 745 2413 calices
779 2382 819 2413 et
851 2373 1041 2426 preciosa
1065 2374 1308 2412 tumbarum
1345 2382 1384 2412 et
1417 2373 1586 2413 ecclesie
1620 2387 1743 2412 orna-

422 2453 577 2495 menta,
610 2451 657 2483 ut
689 2453 805 2497 puta,
838 2443 870 2482 si
894 2443 1063 2483 aliunde
1086 2444 1150 2482 vel
1175 2443 1430 2496 oportunius
1454 2457 1633 2495 regnum
1656 2456 1744 2482 non
1763 2446 1805 2479 30

422 2511 577 2552 sufficit
628 2512 831 2552 redimere
885 2513 1074 2566 captivos
1127 2513 1197 2566 qui
1251 2514 1291 2552 in
1335 2512 1578 2553 defensione
1629 2513 1745 2566 regni

473 2661 498 2689 5.
520 2661 548 2688 A
568 2660 598 2688 in
620 2668 733 2696 marg.:
755 2660 957 2688 Ambrosius.
1068 2669 1094 2697 7.
1117 2662 1145 2689 Α
1167 2661 1195 2689 ln
1218 2669 1331 2697 marg:
1356 2663 1477 2689 Aurum
1493 2661 1584 2689 habet
1599 2661 1742 2689 ecclesia.

422 2707 457 2735 15.
480 2707 519 2734 13:
541 2715 650 2735 aurum
671 2715 793 2736 aurum.
941 2708 981 2735 iti.
1004 2707 1026 2734 B
1046 2707 1076 2735 in
1098 2716 1213 2743 marg:
1236 2708 1293 2735 Pro
1310 2708 1531 2743 redempcione
1547 2707 1743 2743 captivorum

422 2753 609 2789 exponenda
630 2758 703 2781 sunt
722 2761 797 2780 vasa
819 2753 960 2781 ecclesie.
1105 2761 1144 2787 ¹7·
1166 2755 1209 2782 A:
1232 2753 1341 2781 Melius
1363 2753 1494 2782 fuerant.

481 2871 513 2905 Γ).
539 2871 752 2904 Ambrosius
778 2871 834 2903 lib.
869 2873 907 2913 II,
935 2873 984 2904 De
1012 2871 1157 2914 Officiis,
1185 2883 1212 2904 c.
1238 2873 1377 2905 XXVIII
1412 2873 1478 2904 and
1507 2874 1641 2905 Decreti
1671 2883 1742 2905 see.

421 2941 512 2973 pars,
539 2941 641 2962 causa
668 2930 741 2972 XII,
769 2940 802 2972 q.
831 2930 867 2971 ll,
894 2940 969 2973 cap.
998 2931 1104 2962 LXX.
