2045 3312
265 287 356 316 CAP.
377 277 475 332 xm]
770 289 831 320 DE
858 288 1093 320 ECCLESIA.
1796 274 1814 312 3
1831 275 1874 314 13

123 406 249 451 172³ss
324 396 421 435 Ideo
455 395 635 435 creditur
667 393 939 448 probabiliter
960 393 1076 447 quod
1101 391 1293 432 Christus
1316 391 1589 432 necessitatus

266 466 344 506 fuit
388 466 510 519 lapsu
555 463 776 518 supposito
810 464 862 502 ad
895 477 1017 503 suam
1048 462 1249 503 fabricam
1296 464 1587 515 reparandam.

267 537 366 576 Ideo
400 536 498 575 dicit
530 536 642 575 Luce
674 534 827 574 ultimo
861 534 977 587 quod
1009 534 1202 586 oportuit
1233 533 1451 573 Christum
1482 534 1587 584 pati.

268 606 429 647 Omnes
461 620 560 659 ergo
593 604 755 645 domini
788 604 991 643 seculares
1016 613 1055 643 et
1078 603 1257 643 breviter
1278 602 1421 642 onmia
1452 616 1587 642 mem·
1604 612 1657 639 but
1679 610 1882 659 thatqspeciai

234 678 340 721 §bra
383 676 554 716 ecclesie
598 675 723 715 titulo
770 674 882 713 illius
915 673 1079 713 domini
1112 682 1290 713 utuntur
1329 672 1588 726 patrimonio
1614 654 1881 733 biiigffiiigisinair

268 746 465 797 crucifixi,
510 756 550 786 et
580 745 675 784 ideo
710 753 878 798 oportet
918 744 1036 797 quod
1068 757 1217 783 omnes
1250 743 1338 783 eius
1370 742 1457 795 filii,
1502 751 1589 782 tam
1604 718 1882 779 theaffdorneoromus„

269 816 403 856 clerici
433 829 563 869 quam
585 815 692 865 laici,
726 824 898 854 caveant
930 815 980 854 de
1010 814 1157 854 abusu.
1194 815 1246 854 Et
1269 813 1325 853 ita
1355 813 1588 853 conceden-
1693 787 1800 814 abuse.

269 887 372 926 dum
424 894 484 925 est
537 885 652 939 quod
704 884 838 924 clerici
887 893 926 924 et
972 884 1207 937 specialiter
1253 883 1407 923 Christi
1451 883 1591 923 vicarii

269 957 451 996 habeant
502 955 615 1009 prius
661 964 701 995 et
744 954 974 1008 perfeccius
1027 953 1336 1008 patrimonium
1388 952 1591 1004 crucifixi3

215 1047 254 1069 10
270 1027 341 1066 sed
393 1036 493 1066 tunc
546 1034 716 1078 oportet
767 1025 884 1079 quod
943 1024 1160 1064 imitentur
1224 1025 1404 1064 modum
1466 1038 1593 1064 suum

269 1096 451 1136 habendi
503 1106 541 1136 et
594 1096 738 1136 utendi
792 1104 1001 1149 quantum
1053 1094 1283 1135 sufficiunt.
1337 1095 1428 1148 Ipse
1480 1094 1594 1133 enim

271 1167 417 1206 habuit
461 1167 536 1206 hec
570 1166 610 1205 in
644 1166 710 1205 via
742 1179 850 1218 puro
885 1165 1008 1205 titulo
1041 1165 1176 1218 gracie
1210 1175 1248 1204 et
1280 1165 1466 1205 humane
1511 1166 1594 1204 ele-

271 1238 434 1276 mosine
487 1246 526 1276 et
577 1236 735 1289 precise
787 1237 865 1274 sub
909 1236 979 1275 illa
1023 1249 1220 1276 mensura
1266 1236 1343 1274 sub
1389 1249 1471 1288 qua
1515 1234 1593 1274 fuit

272 1307 597 1360 exproprietarie
646 1306 929 1346 necessarium
975 1306 1027 1345 ad
1072 1305 1390 1345 edificacionem
1423 1305 1594 1345 ecclesie

219 1387 311 1420 15et
343 1377 532 1417 medium
579 1378 630 1416 ad
664 1376 1003 1429 supportandum
1046 1375 1328 1415 ministerium
1366 1375 1595 1428 spirituale,

272 1457 311 1487 et
353 1447 467 1486 idem
511 1461 642 1500 genus
688 1446 804 1486 modi
863 1446 1045 1485 habendi
1103 1446 1271 1499 reliquit
1328 1445 1596 1498 appropriate

183 1529 257 1570 173⁸
276 1517 433 1556 clericis
469 1517 591 1556 sortis
625 1531 711 1568 sue⁷
746 1526 791 1556 ut
824 1525 936 1570 patet
958 1516 1046 1567 XII,
1080 1531 1118 1569 q.
1154 1517 1202 1567 Ia,
1233 1517 1438 1556 Clericus.
1473 1516 1552 1556 Iste
1573 1512 1597 1537 '‘³''

274 1597 416 1627 autem
462 1596 523 1627 est
566 1588 721 1627 modus
765 1586 947 1626 habendi
992 1586 1233 1639 perfeccior,
1279 1586 1377 1640 quia
1409 1600 1431 1625 a
1463 1586 1595 1625 modo

274 1658 494 1697 mundano
553 1657 793 1697 distraccior
847 1666 886 1696 et
938 1657 1069 1696 modo
1132 1657 1313 1696 habendi
1376 1657 1596 1696 beatorum

218 1749 258 1770 20
275 1727 463 1767 similior.
530 1728 715 1776 Quando
750 1727 864 1766 enim
896 1726 1206 1779 triumphantes
1238 1727 1368 1766 vitam
1409 1736 1597 1766 eternam

273 1796 562 1849 possidebunt,
607 1798 721 1836 Deus
767 1811 838 1836 eos
879 1796 1097 1836 constituit
1142 1810 1267 1849 super
1300 1796 1445 1836 omnia
1486 1796 1598 1835 bona

275 1880 361 1917 sua,
398 1876 437 1906 et
468 1876 567 1906 tunc
602 1880 688 1906 non
720 1866 937 1906 habebunt
961 1880 1086 1906 usum
1118 1866 1313 1905 vescendi
1346 1866 1412 1905 vel
1445 1879 1596 1918 corpo-

275 1938 405 1977 ralem
448 1936 744 1990 imperfectum
789 1946 835 1976 ut
879 1937 1025 1986 modo,
1071 1936 1144 1975 sed
1178 1949 1305 1975 usum
1337 1935 1598 1988 spiritualem

279 2021 352 2060 per
382 2007 672 2047 intencionem
704 2006 746 2045 in
770 2006 912 2056 verbo,
948 2014 987 2045 et
1020 2006 1069 2044 de
1103 2014 1264 2058 quanto
1287 2005 1423 2045 viator
1456 2004 1598 2044 ceteris

218 2077 443 2130 25paribus
476 2076 570 2129 plus
603 2077 654 2116 ad
687 2076 813 2116 talem
846 2091 972 2116 usum
1005 2075 1234 2127 accesserit,
1269 2076 1320 2115 de
1351 2085 1469 2115 tanto
1503 2088 1595 2128 per—

275 2147 428 2186 feccius
460 2146 669 2199 procedit3
704 2147 820 2199 quod
853 2146 1010 2186 faciunt
1032 2146 1090 2185 hii
1114 2146 1186 2199 qui
1209 2146 1304 2198 plus
1327 2146 1519 2185 laborant
1547 2145 1598 2184 acl

275 2216 595 2256 edificacionem
645 2216 814 2256 ecclesie
863 2226 902 2255 et
951 2216 1103 2268 stricte,
1163 2215 1378 2255 humiliter
1428 2225 1467 2254 et
1519 2215 1596 2254 im-

275 2286 547 2326 mundi-aliter
599 2286 812 2339 accipiunt
871 2286 1054 2339 graciam
1116 2285 1373 2325 necessitatis
1437 2295 1598 2336 nature,

277 2366 485 2410 quantum
517 2356 741 2409 requiritur
773 2370 848 2409 pro
880 2356 961 2396 hoc
993 2355 1089 2396 fine.

230 2438 262 2470 L
335 2426 415 2466 Sed
460 2427 647 2465 secundo
692 2426 872 2465 obicitur
915 2439 989 2478 per
1032 2425 1112 2465 hoc
1146 2426 1263 2478 quod
1296 2425 1488 2465 Christus
1522 2425 1598 2465 fuit
1664 2438 1845 2477 objeqtion:

277 2495 403 2535 simul
447 2510 515 2535 rex
561 2506 600 2536 et
645 2496 838 2536 sacerdos
871 2495 1131 2547 humanitus,
1165 2496 1237 2534 sed
1270 2509 1398 2534 omne
1431 2495 1595 2548 privile·
1626 2473 1792 2547 b²<3rii31i1ii1⁵g
1810 2482 1875 2570 {112³}

1631 2551 1737 2579 priesi7
1767 2552 1803 2571 so
1825 2550 1873 2570 tie

278 2565 395 2619 giurn
427 2566 544 2620 quod
575 2566 722 2606 habuit
755 2565 1002 2605 humanitus
1036 2565 1242 2605 concessit
1281 2567 1403 2605 Petro
1437 2574 1476 2604 et
1509 2565 1596 2604 eius
1612 2578 1841 2614 Popesshouid
1855 2579 1891 2607 be

278 2635 451 2689 vicariis,
476 2651 573 2690 ergo
599 2636 674 2689 ipsi
700 2637 853 2675 debent
879 2649 968 2674 esse
991 2635 1117 2675 simul
1146 2649 1262 2689 reges
1286 2644 1325 2675 et
1347 2635 1597 2685 sacerdotes,
1671 2616 1720 2642 ¹¹¹⁶
1741 2623 1838 2642 same.

333 2792 369 2819 17.
404 2783 425 2810 Β
459 2783 489 2811 in
522 2792 639 2818 marga
677 2783 759 2811 Nota
796 2784 917 2811 titulum
952 2782 1067 2810 Clu-isti
1108 2783 1145 2810 ad
1186 2784 1363 2811 habendum
1405 2783 1599 2819 temporalia.

279 2838 318 2857 ει.
338 2831 365 2857 Α
387 2832 439 2864 Ar:
464 2830 641 2858 constituet.
785 2830 831 2857 30.
854 2831 878 2856 A
901 2830 930 2857 in
954 2837 1069 2864 111a1·g.:
1092 2829 1236 2857 Secunda
1259 2830 1351 2857 racio.

342 2935 393 2968 17.
419 2925 554 2957 Decret.
582 2926 608 2957 ll
634 2935 727 2968 pars,
754 2936 855 2958 causa
884 2925 956 2966 XII,
983 2936 1016 2967 q.
1044 2926 1067 2966 Ι,
1095 2935 1122 2956 e.
1151 2926 1190 2957 V.
