2045 3312
315 262 406 291 CAP.
428 252 525 310 xus-j
810 266 871 297 DE
898 265 1135 296 ECCLESIA.
1842 258 1921 310 327

160 384 199 418 Χ
220 382 298 427 174‘¹
312 372 367 411 ris
382 372 578 425 dominii,
600 385 698 424 ergo
715 370 890 425 quilibet
905 369 1082 424 simplex
1105 370 1295 410 sacerdos
1311 370 1434 410 habet
1458 371 1630 410 titulum

313 444 363 482 de
385 443 473 483 iure
489 443 541 482 ad
562 441 871 481 dominandum
895 439 1132 480 seculariter
1149 440 1226 481 toti
1248 441 1425 480 mundo.
1457 441 1537 480 Sed
1565 440 1630 480 dic

313 513 580 566 buphotracti
602 510 812 552 maledicti
834 519 897 550 tot
919 510 1145 562 dominati3
1168 520 1268 551 tunc
1291 510 1403 550 enim
1426 524 1500 550 nec
1525 510 1629 550 foret

312 585 416 624 ordo
432 598 506 624 nec
522 583 650 623 civilis
664 581 917 634 dominacio,
930 595 1004 621 nec
1020 590 1232 635 oporteret
1246 582 1480 621 sacerdotes
1494 581 1629 634 acqui-

278 666 397 699 5rere
421 654 497 693 sibi
525 653 670 693 titulos
698 652 740 691 in
763 651 1032 705 suscipiendo
1056 651 1237 702 ordines,
1271 664 1367 690 cum
1401 650 1473 690 illo
1508 650 1629 690 titulo

310 725 510 764 ordinum
543 724 748 764 excellunt
782 722 1019 762 seculariter
1041 722 1271 776 quemlibet
1293 735 1434 775 regem
1466 721 1628 762 mundi.

265 808 292 840 4
366 795 484 845 Item,
518 807 661 846 parem
694 801 944 847 potestatem
969 792 1216 832 dominandi
1240 792 1477 832 seculariter
1506 790 1630 832 habet
1650 802 1719 828 who
1741 801 1851 829 indeed
1872 810 1912 829 on

308 864 485 918 quilibet
506 864 708 917 presbiter
738 863 853 918 regni
887 864 1033 915 nostri,
1067 863 1174 902 sicut
1202 863 1372 902 haberet
1405 863 1628 916 supposito
1644 838 1747 899 woiiffi
1765 838 1923 899 tligfflciiief

308 936 423 988 quod
456 934 544 987 ipse
578 934 693 974 solus
719 933 825 973 foret
847 935 1040 973 sacerdos
1073 934 1113 972 in
1137 933 1290 987 Anglia
1323 942 1362 973 et
1394 946 1463 972 rex
1486 941 1627 972 noster
1650 906 1834 977 [Oldgcciiidil.
1854 916 1906 935 om

254 1030 291 1051 10
308 1005 571 1059 conquireret
605 1014 820 1059 quotquot
852 1019 992 1058 regna,
1033 1006 1105 1044 sed
1136 1014 1237 1044 tunc
1282 1003 1389 1043 foret
1434 1003 1627 1043 secularis

306 1076 506 1115 dominus
550 1076 779 1128 capitaliter
821 1076 1016 1115 omnium
1063 1076 1277 1114 bonorum
1320 1074 1437 1126 regni
1482 1073 1639 1112 nostri.·

306 1147 418 1199 Ergo
452 1155 491 1186 et
523 1147 653 1185 modo
687 1146 738 1185 de
769 1146 871 1185 iure.
918 1145 1051 1185 Aliter
1083 1145 1196 1184 enim
1235 1153 1478 1198 sequeretur
1509 1146 1627 1198 quod

306 1217 436 1256 civilis
497 1216 739 1257 dominacio
802 1230 910 1269 pape
972 1216 1227 1269 dependeret
1287 1216 1337 1254 ab
1390 1215 1626 1269 integritate

306 1287 614 1327 dominacionis
637 1286 815 1340 imperii,
849 1296 887 1326 et
916 1300 988 1339 per
1010 1299 1287 1339 consequens,
1320 1300 1429 1339 papa
1452 1287 1625 1326 nitendo

252 1358 515 1404 15destrtiere
547 1357 787 1411 imperium,
821 1358 1050 1396 destrueret
1082 1356 1301 1410 proprium
1335 1356 1454 1396 civile
1487 1357 1623 1396 domi-

304 1428 438 1478 nium,
486 1428 550 1467 vel
591 1427 622 1466 si
668 1427 755 1480 ipse
800 1427 923 1466 debet
967 1427 1176 1466 dominari
1221 1426 1458 1466 seculariter
1500 1441 1626 1479 super

304 1512 453 1538 omnes
506 1498 704 1538 naciones
761 1497 845 1537 iam
897 1496 1097 1549 infideles,
1159 1510 1233 1550 per
1284 1496 1396 1536 idem
1449 1497 1624 1550 quilibet

303 1570 494 1609 sacerdos
526 1569 650 1608 habet
682 1568 745 1608 ius
777 1569 828 1607 ad
863 1568 997 1608 taliter
1029 1567 1352 1609 dominandum.

263 1654 286 1685 5
362 1641 478 1691 Item,
513 1648 612 1679 tunc
645 1638 919 1692 superflueret
961 1648 1070 1678 carta
1103 1637 1251 1678 cesaris
1284 1646 1504 1692 tamquam
1542 1639 1620 1679 im·
1662 1658 1886 1687 Mfflcom-O„

247 1734 286 1755 20
302 1710 512 1763 possibilis
545 1719 583 1750 et
615 1709 809 1760 heretica,
849 1722 935 1747 non
969 1722 1067 1761 ergo
1102 1708 1411 1762 incorporanda
1443 1710 1549 1749 foret
1581 1710 1621 1748 in
1638 1695 1687 1756 ξῗζζ
1707 1696 1917 1758 {23¹}}{1¹,¹(¹,1⁰1''{{Vf

302 1794 462 1820 canone
479 1789 700 1834 tamquam
722 1779 831 1833 paris
847 1778 1106 1819 auctoritatis
1126 1792 1224 1818 cum
1243 1779 1360 1819 dictis
1379 1788 1623 1819 sanctorum
1637 1764 1841 1836 fflsslfofflssissc
1850 1774 1913 1828 {sifi}

303 1851 541 1902 doctorum,
575 1859 621 1890 ut
654 1858 768 1903 patet
798 1849 953 1890 XCVIa
982 1849 1019 1890 d.
1058 1848 1388 1899 Constantinus;
1418 1849 1475 1888 ibi
1508 1849 1622 1889 enim
1696 1836 1850 1863 ¹¹⁰s⁶1i⁰³L

302 1920 452 1960 dicitur
495 1921 612 1974 quod
656 1919 962 1961 Constantinus
1008 1929 1157 1973 quarto
1205 1918 1271 1958 die
1315 1919 1378 1958 sui
1423 1920 1620 1973 baptismi

301 1990 479 2030 contulit
509 1990 776 2044 privilegium
803 1990 1000 2029 Romano
1034 1988 1224 2042 pontifici
1248 1998 1287 2029 et
1315 1989 1523 2030 ordinavit
1561 1999 1619 2042 ut,

246 2074 285 2105 25
303 2061 408 2101 sicut
446 2061 534 2114 ipse
578 2061 755 2114 imperat
798 2060 886 2100 aliis
935 2060 1114 2113 regibus,
1163 2059 1219 2099 sic
1264 2059 1350 2099 eius
1396 2060 1620 2113 episcopus

300 2130 389 2171 aliis
435 2130 731 2181 sacerdotibus,
795 2130 906 2170 unde
961 2130 1116 2170 iudicat
1175 2139 1214 2169 et
1264 2129 1460 2169 discernit
1504 2132 1620 2184 quod

300 2201 522 2254 episcopus
545 2201 765 2240 Romanus
788 2200 938 2240 habeat
965 2209 1222 2253 potestatem
1255 2200 1397 2239 utendi
1431 2200 1620 2253 insigniis

298 2271 520 2324 regalibus,
558 2272 670 2311 unde
703 2280 741 2311 et
772 2271 983 2322 sanccivit,
1031 2270 1132 2310 dixit
1177 2278 1215 2309 et
1247 2269 1460 2310 consuluit
1504 2271 1619 2323 quod

301 2341 446 2381 ditavit
468 2355 514 2381 ac
537 2355 610 2381 sua
627 2341 814 2395 largitate
831 2341 1036 2380 concessit
1059 2350 1098 2380 et
1121 2354 1168 2379 ex
1185 2340 1388 2393 imperiali
1412 2349 1617 2393 potestate

245 2424 286 2456 30
301 2410 444 2450 statuit
479 2420 518 2450 et
546 2409 809 2450 confirmavit
842 2420 888 2451 ut
919 2424 1053 2464 usque
1091 2410 1132 2449 in
1165 2409 1294 2449 finem
1326 2410 1474 2449 mundi
1508 2411 1618 2450 dona

352 2555 375 2574 2.
398 2548 426 2574 A
441 2548 494 2582 Al:
517 2546 578 2576 Sed
595 2548 685 2581 dum;
706 2547 756 2574 hic
777 2547 878 2583 aliqua
899 2546 993 2574 verba
1014 2546 1165 2574 excidisse
1185 2546 1339 2574 videntur.
1369 2546 1452 2582 Quid
1474 2546 1534 2574 sibi
1554 2547 1617 2575 vult

300 2595 357 2621 hoc
382 2594 511 2621 verbum
539 2593 753 2629 buphotracti?
784 2592 1000 2620 verisimiliter
1020 2593 1202 2627 legendum:
1230 2593 1286 2620 Die
1307 2593 1381 2620 bufo
1402 2593 1492 2620 crati:
1522 2595 1616 2621 male-

300 2641 371 2668 dicti
386 2646 431 2668 tot
446 2641 596 2668 dominati
614 2639 795 2674 (Matthcw).
918 2646 955 2666 12.
971 2641 1014 2666 A:
1030 2639 1125 2667 modo
1142 2640 1179 2667 de
1192 2644 1305 2674 matre;
1326 2641 1366 2676 Al
1382 2641 1418 2668 de
1434 2647 1530 2669 matre
1546 2650 1615 2670 cor-

299 2688 375 2715 rexit
395 2688 443 2715 in:
466 2688 654 2715 dominatur.
762 2694 810 2720 24.
826 2686 864 2714 B:
880 2686 1054 2714 contulerit.
1162 2695 1204 2722 27.
1222 2686 1243 2714 Β
1258 2687 1288 2714 in
1304 2695 1415 2722 marg:
1432 2688 1489 2715 Hic
1505 2689 1615 2723 probat

299 2734 381 2769 quod
403 2742 484 2769 papa
505 2734 596 2761 habet
610 2733 824 2762 auctoritatem
844 2732 1026 2760 dominandi
1041 2733 1172 2762 civiliter
1192 2743 1208 2761 a
1229 2742 1335 2762 cesare
1350 2735 1403 2762 scd
1425 2743 1485 2762 non
1508 2744 1523 2762 a
1541 2736 1614 2763 Ιιυο.

360 2840 412 2874 23.
440 2840 505 2872 Hic
537 2847 729 2872 memorata
768 2850 785 2871 e
824 2840 985 2872 decretali
1020 2841 1278 2874 Constantinus
1316 2842 1458 2873 mutatis
1497 2849 1614 2874 tamen

301 2898 435 2941 aliquot
461 2899 574 2931 verbis
602 2899 809 2942 deprompta
835 2905 925 2930 sunt.
