2045 3312
277 305 366 335 CAP.
387 293 501 352 xvn.]
772 307 831 338 DE
859 304 1094 337 ECCLESJA.
1799 301 1882 341 407

124 423 261 460 M185b
334 413 516 455 Ulterius
568 412 762 452 asseritur
813 409 965 450 falsum
1008 423 1096 449 esse
1141 409 1258 463 quod
1302 407 1504 447 defective
1557 417 1595 447 et
1628 415 1770 450 Further‚
1793 422 1851 441 our

770 481 777 487 .
998 480 1004 486 .
1053 479 1059 485 .
1518 478 1525 484 ,
1574 478 1580 483 ,
1623 455 1785 486 opponent
1805 457 1874 485 says

277 493 469 538 corrupte
501 483 627 523 habet
658 481 887 522 multitudo
921 480 1247 520 christianorum
1277 478 1406 518 fidem
1429 478 1597 530 Chr1st1,
1629 486 1692 513 that
1711 486 1761 512 the
1783 492 1866 512 mass

278 569 327 594 eo
360 555 476 609 quod
508 551 738 593 multitudo
773 551 1097 591 christianorum
1127 550 1253 590 habet
1284 550 1327 588 in
1359 548 1440 588 fide
1473 519 1887 619 ῃυίἀ-ἓὲἶιηέξζιῖῗῖἦὲῗιῗιῗ

278 625 379 680 quid
411 633 472 665 est
504 623 538 664 ei
571 621 851 662 necessarium
884 622 937 661 ad
968 620 1148 660 salutem
1182 620 1358 660 credere.
1383 619 1464 659 Sed
1496 632 1596 658 con-
1625 600 1652 619 al
1676 599 1686 618 1
1718 595 1886 626 cecum).

247 705 358 740 §stat
390 695 506 749 quod
538 694 828 747 imprudenter
860 706 908 731 ex
932 705 1056 731 causa
1078 690 1316 744 particulari
1350 689 1503 729 falsum
1536 689 1597 727 in—

280 765 459 816 ducitur,
501 778 599 803 nam
637 763 750 804 iuxta
791 762 847 802 sic
880 770 1134 802 asserentem
1167 760 1370 814 prescitus
1404 760 1508 799 dum
1540 767 1600 799 est

279 837 321 876 in
354 834 520 875 mortali
554 834 677 874 habet
710 832 901 873 habitum
930 831 1025 872 fidei
1059 831 1165 871 sicut
1195 840 1234 871 et
1269 830 1443 884 quilibet
1472 829 1599 869 falsus

281 905 540 947 christianus.

231 989 267 1022 N
338 977 391 1017 Et
428 976 551 1016 credo
602 975 717 1029 quod
762 974 902 1014 nullus
948 972 1111 1013 dubitat
1155 971 1259 1026 quin
1307 971 1509 1012 defective
1563 979 1602 1010 et
1643 989 1858 1027 ‚Answer3

229 1070 268 1091 10
283 1055 477 1100 corrupte
516 1045 691 1100 quilibet
733 1044 826 1084 talis
867 1044 992 1084 habet
1031 1042 1160 1083 fidem
1194 1042 1349 1083 Christi
1387 1041 1601 1093 defective,
1617 1021 1894 1086 3¹¹¹dsss¹f¹elssassjsvgf³¹th

283 1118 380 1172 quia
403 1115 679 1171 peccabiliter,
713 1115 819 1155 sicut
843 1123 881 1154 et
903 1114 1142 1154 habuerunt
1174 1113 1352 1167 apostoli
1386 1112 1457 1166 qui
1481 1126 1601 1165 roga-

282 1197 432 1228 verunt
464 1196 509 1227 ut
535 1187 726 1227 Christus
755 1185 975 1238 adaugeat
1001 1185 1061 1224 eis
1076 1184 1217 1237 fidem
1252 1184 1365 1223 Luce
1388 1183 1537 1233 XVIIO,
1565 1183 1602 1222 5.

285 1259 327 1300 Si
361 1258 470 1298 enim
504 1258 628 1298 Petro
661 1269 746 1296 non
771 1254 962 1295 deficeret
993 1255 1145 1308 gradus
1177 1253 1288 1306 fidei,
1313 1253 1504 1293 Christus
1536 1267 1603 1292 ex-

284 1328 524 1383 probrando
556 1340 642 1367 non
675 1327 710 1366 ei
743 1326 896 1366 diceret
928 1325 1101 1366 Matthei
1144 1325 1277 1376 XIVO,
1319 1325 1388 1363 31:
1437 1323 1606 1362 Modz'ce

234 1399 384 1454 15fidei
414 1411 550 1453 quare
579 1396 814 1437 dubitasti?
866 1397 918 1436 Et
951 1404 1146 1448 corrupte
1177 1394 1332 1435 habent
1375 1393 1502 1433 fidem
1536 1393 1606 1446 qui

287 1469 431 1510 irretiti
470 1467 649 1522 peccatis
688 1466 937 1507 mortalibus
983 1474 1263 1519 corrumpunt
1302 1465 1436 1504 bonos
1470 1477 1609 1503 mores
1625 1481 1762 1521 flowwe
1779 1479 1897 1518 bermo

289 1549 328 1580 et
372 1553 421 1579 ex
464 1532 719 1578 informitate
763 1536 858 1576 fidei
903 1536 1082 1576 finaliter
1123 1544 1465 1589 corrumpuntur,
1511 1517 1720 1574 naim¹⁵¹¹¹e
1736 1520 1896 1551 quesuom

289 1610 524 1651 secundum
548 1608 805 1662 Apostolum
829 1608 875 1649 Ia,
901 1607 997 1647 Cor.
1022 1608 1092 1659 VO,
1113 1607 1151 1659 6,
1176 1606 1386 1646 modicmn
1406 1605 1607 1660 fermen-

290 1689 380 1722 tum
415 1687 543 1721 totam
578 1692 765 1719 massam
799 1678 1049 1730 corrumpit.
1085 1677 1181 1717 Ideo
1205 1686 1370 1730 oportet
1393 1678 1612 1717 doctorem

235 1771 277 1794 20
292 1759 597 1805 consequenter
628 1749 762 1789 dicere
795 1749 910 1802 quod
942 1747 1081 1801 aliqua
1111 1747 1340 1787 multitudo
1364 1746 1610 1787 christiano-

291 1836 389 1863 rum
437 1821 561 1861 habet
600 1819 728 1860 fidem
778 1819 897 1858 valde
942 1817 1141 1858 defective
1183 1827 1221 1857 et
1268 1826 1462 1871 corrupte
1508 1817 1614 1857 sicut

293 1892 486 1934 homines
509 1890 719 1944 opinionis
743 1903 828 1929 sue.
855 1889 940 1928 Nec
973 1896 1143 1928 moveat
1165 1888 1378 1927 evidencia
1411 1888 1613 1928 doctoris:

297 1964 330 2005 si
363 1962 541 2003 eandem
574 1960 702 2000 fidem
723 1959 879 1999 habent
902 1958 1001 1998 boni
1026 1958 1237 1998 christiani
1261 1967 1301 1998 et
1324 1958 1421 1998 mali
1447 1958 1614 2011 singuli,

297 2033 485 2088 sequitur
528 2031 643 2085 quod
688 2029 785 2070 mali
833 2029 1043 2069 christiani
1077 2042 1183 2082 eque
1216 2028 1447 2082 perfectam
1480 2037 1518 2068 et
1551 2028 1613 2067 in-

241 2111 280 2143 25
296 2114 456 2157 tegram
495 2101 624 2142 fidem
674 2100 854 2140 habeant
903 2108 949 2139 ut
1000 2099 1111 2138 boni.
1158 2100 1268 2139 Nam
1313 2099 1523 2152 pertinens
1558 2107 1617 2138 est
1650 2121 1683 2140 as
1704 2116 1735 2139 to
1756 2111 1839 2138 what
1860 2110 1884 2137 is

300 2175 365 2215 hic
398 2172 514 2227 loqui
548 2171 723 2211 limitate
757 2171 807 2210 de
840 2169 921 2209 fide
960 2183 1043 2222 qua
1084 2170 1276 2221 creditur,
1323 2169 1421 2223 quia
1454 2170 1503 2208 de
1536 2168 1617 2208 fide
1633 2146 1909 2211 dgfiisegreglaihcine

300 2259 382 2300 que
415 2242 595 2284 creditur
639 2256 745 2296 eque
789 2240 1015 2295 perfectam
1056 2239 1183 2280 fidem
1223 2240 1377 2279 habent
1417 2240 1618 2279 demones
1697 2217 1844 2280 ἶῗὲὲεὲιᾶε

302 2324 341 2356 et
374 2322 557 2355 creature
591 2313 753 2367 singule
783 2321 829 2352 ut
851 2312 981 2351 beate.
1016 2312 1114 2351 Ideo
1139 2311 1407 2365 Augustinus
1432 2310 1620 2363 loquitur

303 2387 353 2426 de
386 2398 535 2438 genere
567 2383 663 2423 fidei
697 2397 778 2436 que
813 2392 872 2422 est
904 2390 991 2422 tota
1013 2381 1242 2421 multitudo
1274 2381 1496 2421 habituum
1526 2380 1620 2419 fidei

248 2457 345 2496 3oin
380 2468 552 2508 corpore
593 2453 775 2494 ecclesie.
824 2453 929 2492 Illud
983 2461 1122 2493 autem
1175 2466 1306 2505 genus
1359 2451 1453 2490 fidei
1499 2451 1623 2490 habet

306 2541 435 2567 unam
450 2534 610 2580 partem
631 2524 966 2579 quantitativam,
990 2522 1215 2576 perfectam
1241 2523 1282 2562 in
1308 2536 1392 2561 uno
1416 2532 1454 2561 et
1479 2522 1516 2559 in
1543 2520 1623 2560 alio

306 2597 607 2651 imperfectam,
647 2595 753 2636 sicut
787 2607 918 2647 genus
951 2601 1093 2633 motus
1125 2593 1269 2633 localis
1302 2592 1427 2632 habet
1459 2592 1500 2630 in
1536 2591 1623 2630 celo

361 2731 380 2750 1.
403 2723 424 2749 Β
449 2723 479 2749 in
500 2729 615 2756 marg:
642 2720 723 2748 Nota
744 2719 904 2755 quomodo
926 2719 1053 2754 quidam
1077 2718 1192 2746 habent
1218 2718 1309 2745 fidem
1337 2716 1485 2743 defective
1505 2719 1533 2742 et
1557 2722 1625 2741 cor-

309 2775 407 2805 rupte.
446 2770 474 2797 A
496 2769 524 2796 in
551 2776 665 2803 marg:
693 2767 772 2794 Nota
801 2765 853 2801 qui
880 2770 951 2792 suut
978 2765 1031 2800 qui
1058 2765 1171 2792 habent
1198 2764 1288 2792 fidem
1317 2767 1495 2797 corruptam
1527 2762 1625 2797 etqui

311 2815 503 2844 defectivam.
647 2822 681 2841 11.
703 2813 723 2839 Β
746 2813 776 2840 in
798 2820 912 2846 marga
939 2811 1072 2839 Inferius
1094 2816 1166 2839 nota
1193 2811 1275 2847 quod
1298 2811 1325 2838 in
1349 2809 1446 2845 patria
1469 2812 1540 2835 sunt
1562 2808 1626 2833 sin-

311 2863 375 2898 guli
390 2862 458 2890 fidei
473 2861 656 2896 uniformis;
678 2868 752 2895 ergo
774 2859 914 2896 sequitur
935 2863 969 2887 ut
987 2859 1108 2887 videtur
1129 2858 1210 2894 quod
1227 2858 1300 2886 fides
1318 2858 1454 2885 manebit
1470 2856 1498 2883 in
1518 2856 1626 2891 patria.

314 2917 356 2936 22.
376 2910 403 2937 A
424 2911 480 2944 Al:
502 2909 642 2936 homines
674 2907 791 2944 opitus.
831 2906 871 2934 B:
903 2915 957 2934 sue
977 2906 1071 2934 deest.
1214 2913 1259 2941 27.
1290 2906 1317 2932 A
1338 2905 1367 2931 in
1389 2912 1505 2938 marga
1535 2902 1627 2931 Nota.

313 2957 354 2986 32.
375 2957 404 2984 A
424 2957 479 2991 Al:
504 2956 593 2983 habet
613 2956 643 2982 in
664 2955 728 2983 celo
751 2954 840 2981 habet
861 2957 990 2987 partem.
