2045 3312
144 261 193 299 28
856 275 1080 309 „IOHANNIS
1107 278 1302 312 WYCLIF.
1598 266 1751 325 [mnu.

430 380 595 420 videtur
627 382 744 434 quod
778 391 1158 436 quantumcunque
1191 395 1387 438 corrupta
1410 386 1474 425 vel
1495 396 1664 439 gravata
1686 387 1750 439 sit,
1770 398 1848 431 131(¹
1868 399 1902 432 Β

431 451 505 490 erit
537 451 586 490 de
619 451 807 503 ecclesia,
855 460 895 491 et
926 465 1000 505 per
1045 466 1321 507 consequenS,
1370 456 1615 511 quicunque
1658 472 1750 511 pre-

430 520 593 573 positus
639 522 808 561 ecclesie
853 521 960 562 foret
1004 523 1129 563 nimis
1173 525 1426 565 multociens
1470 527 1665 568 viduatus
1714 538 1752 568 et

430 591 708 644 desponsatus
742 593 848 632 ultra
881 593 1123 646 bigamiam,
1167 594 1408 648 trigamiam
1441 605 1481 636 et
1513 610 1747 650 quemcun-

430 675 513 714 que
545 662 723 715 gradum
756 676 778 701 a
812 662 933 702 nobis
967 663 1200 717 cognitum,
1246 674 1285 705 et
1318 679 1414 705 cum
1460 667 1633 708 ecclesia
1665 679 1785 712 110115

431 731 482 771 sit
519 746 592 785 per
627 731 818 772 accidens
853 732 1037 785 ecclesia,
1082 733 1246 774 videtur
1279 736 1397 788 quod
1442 747 1610 777 mortua
1653 739 1751 778 huic

430 802 593 841 mundo
626 811 770 842 manet
803 803 987 855 ecclesia,
1021 805 1093 844 sed
1125 804 1408 858 triumphans.

139 883 414 910 anatherewouia
488 871 529 911 Si
576 872 736 912 dicatur
780 874 966 913 secundo
1009 875 1127 927 quod
1171 884 1314 915 manet
1361 876 1561 916 continue
1606 878 1790 922 eademb
1819 889 1849 922 0

176 918 378 980 Effuiiigsffli}
429 942 598 982 ecclesia
639 953 810 996 propter
854 943 1059 984 unitatem
1112 944 1256 998 capitis
1295 945 1448 986 scilicet
1492 961 1613 1000 pape,
1665 961 1751 988 non

137 987 223 1015 there
243 996 331 1059 ἔξω
356 997 413 1024 Μ’
429 1012 590 1052 tollitur
622 1013 723 1066 quin
757 1013 895 1053 adhuc
927 1023 990 1054 tot
1020 1024 1118 1054 sunt
1149 1015 1319 1055 ecclesie
1351 1025 1456 1070 quot
1485 1026 1601 1057 erant
1623 1031 1749 1072 pape3
1774 1040 1811 1061 ιο

428 1083 545 1136 quod
585 1092 645 1122 est
689 1092 834 1122 contra
873 1084 1136 1126 decretalem.
1184 1085 1397 1138 Similiter,
1443 1089 1658 1141 querendo
1703 1090 1753 1129 de

428 1152 633 1206 quiditate
665 1153 775 1193 illius
809 1154 993 1206 ecclesie,
1037 1164 1165 1208 patet,
1205 1169 1303 1196 cum
1338 1156 1390 1197 sit
1433 1157 1526 1197 date
1559 1172 1751 1211 persone,

429 1224 518 1277 ipsa
551 1237 638 1263 non
673 1224 882 1277 dependet
913 1225 963 1264 ab
996 1225 1089 1278 ipso
1123 1226 1257 1279 capite
1292 1227 1335 1266 in
1366 1227 1537 1267 racione
1570 1229 1752 1281 ecclesie,

429 1308 525 1334 cum
572 1294 803 1347 decapitata
849 1295 899 1334 ab
939 1295 1019 1335 isto
1059 1296 1192 1350 capite
1225 1306 1367 1337 manet
1401 1312 1506 1352 eque
1539 1308 1681 1339 sancta
1714 1309 1753 1340 et

428 1375 547 1417 sana3
587 1379 685 1404 cum
722 1374 864 1405 tamen
902 1365 1016 1406 iuxta
1047 1366 1370 1420 responsionem
1416 1368 1497 1408 hoc
1542 1378 1667 1422 caput
1714 1378 1810 1412 et15

429 1434 503 1473 hec
536 1434 706 1474 ecclesia
740 1445 1097 1489 consequerentur
1130 1450 1171 1476 se
1203 1437 1246 1476 in
1279 1448 1417 1478 morte
1449 1448 1488 1479 et
1517 1440 1601 1479 vita
1634 1439 1753 1494 (nam

428 1505 617 1559 sequitur
660 1505 934 1558 expositorie:
983 1506 1058 1546 iste
1102 1521 1280 1560 persone
1319 1518 1416 1548 sunt
1459 1508 1534 1548 hec
1582 1509 1752 1549 ecclesia

428 1590 510 1629 que
554 1576 721 1617 durabit
766 1590 838 1630 per
880 1585 1015 1616 totam
1057 1577 1185 1617 vitam
1231 1578 1340 1618 illius
1385 1578 1607 1632 hominis):
1654 1593 1752 1633 ergo

428 1648 503 1687 iste
536 1661 713 1700 persone
746 1647 801 1687 sic
835 1648 1059 1700 durabunt,
1105 1657 1144 1688 et
1176 1662 1250 1701 per
1282 1648 1395 1688 idem
1432 1649 1635 1701 desinent,
1670 1650 1749 1690 isto

428 1733 537 1771 papa
570 1726 755 1769 mortuo,
789 1720 905 1772 quod
939 1733 1013 1759 nec
1047 1729 1216 1772 oportet
1248 1721 1297 1759 de
1331 1719 1502 1759 ecclesia
1547 1721 1750 1760 materiali
1771 1740 1811 1761 20

428 1802 503 1828 nec
537 1788 756 1841 spirituali,
791 1803 887 1828 cum
921 1798 1000 1829 stat
1033 1791 1150 1843 quod
1173 1790 1246 1830 iste
1281 1790 1331 1830 sit
1354 1790 1517 1843 primus
1542 1800 1750 1844 mortum,

136 1866 201 1893 Nor
217 1867 241 1893 i>
258 1867 278 1894 it
298 1866 411 1893 certain
429 1867 516 1898 tota
550 1858 721 1898 ecclesia
753 1873 827 1899 sua
859 1859 1092 1912 superstite.
1126 1861 1213 1899 Nec
1246 1869 1413 1913 oportet
1445 1861 1562 1913 quod
1595 1861 1670 1900 iste
1703 1861 1754 1901 sit

173 1911 177 1916 ,
285 1902 295 1916 ,
349 1910 358 1917 ,
389 1901 411 1914 -.

137 1902 413 1964 11ἒῖῐᾱὲ111ῗςρέοι1ῗ
430 1928 674 1982 capitaneus
725 1929 921 1969 omnium
966 1930 1145 1970 istorum
1190 1930 1231 1969 in
1277 1930 1478 1982 viacione,
1533 1930 1631 1984 quia
1675 1940 1755 1971 stat

137 1972 414 2055 iiiiniiiiaryiffivees'igs
429 2001 546 2052 quod
579 1999 631 2039 sit
663 2000 879 2052 prescitus,
913 2000 1002 2039 aliis
1035 2000 1077 2039 in
1111 2000 1307 2053 ampliori
1340 2000 1478 2054 gracia
1524 2001 1656 2041 eciam
1689 2015 1750 2041 se-

208 2043 346 2077 piobate.
430 2070 619 2110 cundum
652 2079 890 2124 presentem
928 2071 1137 2111 iusticiam
1170 2080 1208 2111 et
1240 2070 1418 2111 finaliter
1449 2072 1747 2124 perseveranti·
1769 2080 1808 2113 25

430 2141 506 2179 bus
547 2154 593 2179 ac
632 2140 741 2179 viam
789 2141 1033 2194 oppositam
1076 2141 1301 2182 viantibus.
1349 2141 1559 2192 Similiter,
1606 2142 1752 2181 eadem

430 2210 601 2250 ecclesia
633 2211 867 2264 apostolica
901 2212 965 2251 cui
1000 2212 1146 2251 Petrus
1179 2211 1414 2264 presidebat
1447 2220 1589 2251 manet
1621 2212 1752 2251 modo

429 2288 469 2319 et
501 2280 687 2321 manebit
719 2281 931 2333 continue,
966 2290 1011 2321 ut
1044 2281 1143 2321 dicit
1166 2281 1242 2321 ista
1275 2280 1421 2334 opinio
1447 2294 1544 2320 cum
1567 2282 1748 2322 decreto.

430 2351 507 2390 Iste
540 2364 638 2405 ergo
672 2366 779 2405 papa
812 2366 898 2391 non
932 2361 1071 2405 potest
1104 2366 1190 2391 esse
1224 2359 1349 2404 caput
1380 2365 1504 2404 super
1535 2351 1609 2390 ista
1633 2351 1752 2391 totali

430 2421 615 2473 ecclesia,
650 2422 747 2475 quia
781 2432 881 2462 tunc
914 2423 1083 2462 haberet
1115 2437 1161 2462 ex
1202 2436 1312 2476 equo
1359 2430 1422 2461 tot
1469 2422 1602 2474 capita
1648 2432 1751 2475 quot
1768 2430 1810 2461 30

430 2506 572 2544 papas,
607 2501 645 2532 et
678 2507 750 2545 per
783 2507 1058 2547 consequens,
1093 2493 1183 2533 talis
1217 2492 1386 2532 ecclesia
1409 2492 1640 2531 successiva
1664 2505 1749 2531 non

429 2562 538 2615 capit
571 2576 693 2602 suam
726 2563 930 2603 unitatem
963 2564 1013 2602 ab
1047 2563 1127 2603 isto
1160 2576 1283 2616 papa,
1323 2576 1421 2602 curn
1465 2561 1611 2601 habuit
1657 2562 1749 2600 uni-

428 2642 558 2672 tatem
603 2633 781 2673 eandem
828 2647 958 2687 quam
1003 2634 1148 2683 modo,
1201 2641 1428 2685 antequam
1481 2631 1567 2684 ipse
1614 2631 1750 2681 fuerit,

430 2703 536 2743 sicut
569 2712 608 2742 et
641 2703 807 2742 habebit
840 2712 936 2755 post
968 2702 1057 2743 eius
1090 2702 1425 2755 corrupcionem.

489 2896 508 2914 1.
532 2887 726 2921 Quacumque
746 2891 890 2920 corrupta
912 2887 958 2913 vel
980 2887 1081 2920 g’uata
1103 2886 1131 2913 111
1154 2886 1244 2913 codd.
1320 2894 1346 2919 n.
1365 2885 1408 2912 A:
1432 2885 1564 2911 unitatis.
1640 2892 1679 2911 10.
1695 2885 1748 2917 Α,;

430 2940 515 2961 crunt
538 2942 626 2969 pape*
725 2933 763 2960 13.
786 2932 823 2959 iz:
848 2933 875 2959 111
898 2932 1035 2961 Romane
1057 2933 1194 2961 ecclesie.
