2045 3312
291 261 382 290 CAP.
403 251 455 304 x]
791 262 851 293 DE
878 260 1113 293 ECCLEsiA.

139 369 444 424 K158daliquis
487 368 620 408 homo
668 368 718 406 de
761 366 905 420 aliquo
947 366 1042 405 loco
1088 365 1275 416 veniens,
1320 344 1613 418 pedester‘vel

293 448 495 494 equester,
539 439 698 478 intrans
742 436 864 476 illum
908 436 1053 476 locum
1093 449 1141 475 ex
1180 448 1305 475 causa
1342 434 1494 488 aliqua,
1542 435 1613 474 scd

292 510 431 550 omnis
464 508 557 549 talis
590 507 703 547 iuxta
734 516 927 547 tenorem
957 506 1185 546 verborum
1209 505 1413 559 privilegii
1446 504 1613 544 habebit

291 581 334 620 in
365 581 461 620 loco
494 578 567 617 illo
599 577 918 617 immunitatem
950 576 1261 630 omnimodam,
1296 589 1395 628 ergo
1429 575 1613 629 quelibet

258 663 472 705 5persona
514 648 606 688 talis
652 647 853 688 exercitus
900 647 1053 687 virtute
1091 646 1311 700 privilegii,
1359 659 1490 700 quam
1541 645 1612 685 diu

292 719 485 772 voluerit,
519 718 704 772 quiescet
735 717 793 757 ibi
826 717 1017 771 pacifice;
1050 717 1082 756 si
1116 717 1229 756 enim
1262 716 1303 755 in
1337 716 1481 770 aliquo
1515 728 1612 754 casu

293 790 403 844 capit
434 788 696 840 instanciam,
730 797 899 841 oportet
922 788 1035 827 nuda
1056 787 1182 827 verba
1205 787 1365 827 abicere
1398 795 1437 826 et
1470 798 1613 839 sapere

293 875 439 900 sanam
471 858 742 900 sentenciam.

352 930 433 970 Hic
480 929 608 970 dixit
650 929 770 970 mihi
824 928 1028 983 quidam
1081 928 1381 981 ingeniosus
1433 927 1615 980 legista

201 1002 411 1057 159¹=quod
443 1000 628 1054 quelibet
667 1013 846 1053 persona
883 999 976 1039 talis
1016 999 1219 1039 exercitus
1256 998 1455 1051 gaudebit
1486 997 1567 1037 hoc
1590 997 1615 1025 ἧς

253 1071 528 1125 aprivilegio‚
574 1084 672 1110 cum
710 1084 797 1110 non
836 1078 1005 1123 oportet
1042 1079 1215 1123 propter
1252 1069 1353 1108 tales
1398 1081 1518 1108 casus
1550 1067 1613 1106 in-

295 1142 516 1195 possibiles
560 1141 737 1181 limitare
788 1141 853 1179 vel
903 1140 1147 1194 restringere
1192 1139 1409 1192 privilegia
1453 1151 1613 1191 regum.

294 1212 401 1252 lllud
424 1221 567 1252 autem
591 1211 701 1264 capit
724 1210 1013 1264 calumpniam
1036 1209 1317 1262 multiplicem
1339 1218 1441 1262 aput
1465 1222 1612 1262 quem-

292 1284 392 1322 libet
424 1282 577 1322 mentis
601 1291 859 1334 compotem.
894 1281 1004 1320 Nam
1033 1292 1109 1320 nec
1130 1293 1201 1319 rex
1224 1279 1363 1332 potuit
1387 1279 1614 1318 concedere

240 1366 276 1398 15
292 1354 373 1394 tale
397 1352 665 1406 privilegium
688 1366 763 1391 nec
787 1351 923 1391 clerus
947 1350 1092 1390 debuit
1114 1350 1257 1403 ipsum
1280 1359 1326 1389 ut
1348 1349 1615 1402 privilegium

292 1423 368 1462 sibi
402 1422 635 1472 admittere,
671 1436 768 1462 cum
801 1436 888 1461 non
921 1431 1061 1475 potest
1092 1435 1221 1474 regno
1245 1430 1392 1460 nostro
1420 1420 1485 1459 vel
1508 1420 1614 1472 parti

291 1493 379 1532 eius
403 1506 489 1532 esse
514 1491 782 1545 privilegium
806 1491 945 1531 fovere
975 1492 1254 1531 destructores
1278 1490 1393 1544 regni
1417 1500 1456 1530 et
1478 1490 1614 1530 tocius

292 1562 462 1602 ecclesie
506 1562 751 1616 Anglicane‚
799 1562 906 1602 sicut
949 1575 1035 1601 non
1075 1570 1136 1601 est
1186 1561 1450 1615 privilegium
1490 1560 1613 1600 alicui

292 1647 333 1672 se
365 1632 507 1685 ipsum
540 1632 833 1672 deteriorando
867 1633 1090 1674 destruere.
1125 1632 1224 1672 Ideo
1257 1632 1500 1685 quicunque
1533 1631 1612 1670 im-

237 1702 513 1756 20petraverit
559 1703 624 1742 vel
668 1702 900 1742 defenderit
945 1703 1026 1742 hoc
1077 1711 1123 1742 ut
1167 1701 1439 1755 privilegium
1483 1715 1613 1755 regno

291 1782 450 1823 nostro,
495 1782 717 1826 tamquam
760 1772 938 1812 infidelis
984 1773 1073 1812 Deo
1119 1782 1158 1812 et
1202 1786 1332 1826 regno
1377 1773 1612 1825 degenerat.

291 1844 377 1882 Nec
408 1843 517 1882 valet
549 1842 682 1882 dicere
715 1844 833 1896 quod
869 1843 961 1882 talis
995 1842 1193 1882 comitiva
1226 1856 1311 1882 non
1346 1842 1479 1895 possit
1511 1855 1611 1881 con-

291 1926 458 1966 surgere
492 1921 530 1951 et
570 1926 748 1965 regnum
787 1922 982 1952 nostrum
1020 1913 1228 1963 invadere,
1269 1926 1366 1951 cum
1406 1912 1446 1951 in
1481 1912 1612 1951 tribus

292 1982 592 2035 conquestibus
648 1982 801 2022 scilicet
851 1982 1089 2034 Britonum,
1144 1984 1361 2023 Saxonum
1411 1992 1452 2022 et
1504 1983 1611 2022 Nor-

237 2066 275 2097 25
291 2066 517 2092 manorum
570 2052 651 2092 hoc
690 2052 878 2106 contigit,
938 2067 1086 2106 ymmo
1137 2054 1238 2092 tales
1283 2053 1611 2106 depopulatores

290 2132 481 2176 tempore
520 2123 625 2176 regis
659 2123 855 2162 Edwardi
893 2123 1065 2163 secundi
1099 2132 1361 2163 surrexerant
1399 2133 1438 2162 et
1479 2123 1610 2162 cardi-

291 2194 403 2233 nales
438 2193 479 2232 in
524 2193 728 2233 comitatu
761 2193 986 2233 Dunelmie
1025 2193 1272 2246 spoliarunt,
1318 2203 1356 2233 et
1401 2194 1440 2232 in
1481 2193 1610 2233 nobili

289 2277 420 2316 regno
454 2263 639 2315 Francie,
684 2263 725 2302 in
760 2264 1017 2303 Lumbardia
1050 2273 1089 2304 et
1132 2264 1174 2303 in
1218 2264 1307 2304 aliis
1353 2264 1490 2318 regnis
1534 2278 1609 2317 po-

291 2334 474 2374 tentibus
497 2334 598 2374 tales
622 2334 819 2374 comitive
842 2335 1148 2387 depopulantes
1172 2335 1324 2374 nostris
1347 2334 1611 2388 temporibus

235 2416 277 2448 ‘30
293 2413 576 2444 surrexerunt:
599 2418 747 2458 ymmo
771 2404 916 2443 diebus
941 2404 1028 2444 istis
1043 2418 1170 2457 regna
1192 2418 1414 2458 nunquam
1432 2405 1497 2444 vel
1520 2418 1610 2444 raro

292 2484 390 2514 sunt
422 2474 509 2514 sine
540 2474 693 2514 talibus
724 2474 790 2513 vel
819 2474 1090 2527 corporaliter
1120 2475 1185 2514 vel
1208 2475 1476 2528 spiritualiter
1508 2488 1608 2514 con-

291 2544 481 2584 federatis
513 2544 564 2583 ad
588 2544 922 2584 destruccionem
946 2558 1107 2596 eorum,
1140 2559 1238 2584 cum
1260 2545 1351 2584 talis
1376 2545 1610 2597 corruptela

295 2615 372 2655 sub
410 2614 537 2668 pallio
582 2614 785 2668 privilegii
818 2624 961 2667 posset
1004 2629 1076 2668 per
1120 2629 1162 2655 se
1206 2629 1385 2668 regnum
1424 2615 1608 2668 perdere.

344 2759 373 2787 9.
395 2754 422 2780 A
441 2752 472 2780 in
492 2761 606 2788 marg.:
627 2753 802 2789 Responsio
823 2754 968 2789 quedam.
1095 2763 1137 2782 10.
1157 2756 1203 2783 A:
1224 2756 1284 2782 hoc
1305 2757 1373 2784 lioc.
1500 2755 1547 2783 26.
1570 2754 1609 2781 B:

292 2799 421 2827 secundi
442 2800 536 2828 deest.
556 2800 662 2828 Recte:
685 2805 895 2828 surrexerunt.
1040 2800 1073 2829 33
1113 2802 1153 2830 B:
1176 2802 1351 2839 privilegio.

353 2894 405 2926 25.
434 2895 499 2926 See
525 2895 770 2937 Walsingham
798 2896 822 2937 Ι,
849 2906 927 2939 pag.
960 2897 1032 2928 151.

1819 260 1900 300 217

1638 1843 1721 1872 Such
1747 1853 1763 1872 a
1784 1845 1901 1879 danger

1652 1879 1677 1906 is
1699 1885 1753 1917 not
1774 1881 1882 1917 purely

1698 1915 1836 1942 taucisul.
