2045 3312
313 247 402 277 CAP.
423 237 535 296 xxii]
807 254 865 286 DE
893 255 1130 288 ECCLESIA.
1845 242 1916 282 531

174 368 296 400 1201⁸
312 366 601 411 computatur,
636 359 708 412 qui
743 373 840 399 cum
874 369 981 400 esset
1005 361 1047 399 in
1072 373 1251 413 corpore
1285 373 1368 398 non
1404 368 1464 398 est
1497 368 1633 398 trans-

311 429 420 468 latus
454 429 504 467 ad
545 428 779 469 Christum.
814 430 977 469 Eadem
1006 430 1149 484 itaque
1187 443 1311 469 causa
1344 438 1404 468 est
1446 442 1518 467 cur
1550 442 1634 468 non

311 507 457 538 oretur
490 507 592 537 tunc
615 512 691 551 pro
729 499 975 539 hominibus
999 500 1241 539 eternaliter
1274 498 1517 552 puniendis,
1552 511 1635 551 que

311 581 436 607 causa
468 576 530 607 est
571 577 617 608 ut
650 582 734 608 non
763 578 910 610 oretur
944 583 1081 623 neque
1105 583 1217 610 nunc
1251 582 1389 623 neque
1422 577 1524 608 tunc
1557 581 1635 621 pro

277 648 293 680 5
312 638 431 677 malis
465 638 699 690 spiritibus.

209 718 296 751 Kc
370 707 451 747 Sed
498 709 629 748 tercio
674 708 966 762 principaliter
1018 709 1213 761 arguitur
1268 723 1343 763 per
1389 708 1468 747 hoc
1517 708 1633 761 quod
1666 716 1690 743 It
1711 716 1736 743 is
1757 715 1823 743 said
1844 716 1907 744 that

1675 760 1721 778 we
1742 759 1813 787 may
1832 759 1908 788 pray

313 778 443 817 homo
496 788 639 832 potest
692 780 909 819 meritorie
957 793 1079 819 orare
1131 779 1383 832 generaliter
1439 792 1517 832 pro
1563 778 1632 817 de·
1660 786 1906 856 ᾄῗῐιίἶεέειῑέἔεξῖιῶ

312 847 481 899 functis,
536 849 817 889 immiscendo
866 850 1151 890 intencionem
1201 849 1353 890 orandi
1398 847 1801 919 specialiterintfemitgn
1831 858 1880 918 “ir
1909 865 1924 884 a

311 932 388 971 pro
420 928 602 972 patrono
644 920 705 959 vel
750 921 832 960 alio
866 921 1003 960 amico
1037 934 1133 960 cum
1168 920 1248 960 hoc
1294 920 1411 974 quod
1451 919 1540 973 ipse
1582 900 1923 963 sitn1a31¹i2¹sstiaissrisstr

256 1007 294 1028 10
310 989 584 1043 dampnatus,
609 990 650 1029 in
675 1003 761 1044 quo
787 1005 884 1030 casu
909 1000 1003 1031 orat
1025 991 1136 1031 licite
1160 1004 1238 1044 pro
1263 991 1510 1043 dampnato,
1537 1001 1634 1041 ergo

310 1059 391 1099 hoc
438 1060 547 1100 licet.
606 1060 901 1101 Confirmatur
946 1061 1188 1114 tripliciter:
1243 1061 1386 1100 Primo
1434 1073 1510 1113 per
1554 1059 1634 1099 hoc

310 1130 426 1183 quod
460 1131 603 1170 oracio
637 1131 937 1171 condicionata
978 1140 1040 1171 est
1080 1131 1224 1171 oracio
1258 1132 1429 1184 qualern
1463 1139 1634 1183 oportet

309 1201 541 1241 concedere
587 1215 676 1241 esse
719 1202 879 1241 licitam
935 1216 1011 1255 pro
1057 1202 1307 1255 dampnato,
1357 1215 1454 1241 cum
1487 1201 1540 1240 sit
1587 1213 1634 1240 ex

308 1271 462 1323 gracia,
508 1282 548 1312 et
593 1286 668 1325 per
720 1286 985 1326 consequens
1047 1273 1274 1312 necessitat
1322 1272 1373 1311 ad
1423 1271 1634 1310 orandum

256 1347 292 1380 15
310 1355 386 1393 pro
440 1341 608 1382 talibus,
662 1341 865 1381 Secundo
919 1341 1201 1382 confirmatur
1254 1355 1329 1395 per
1383 1342 1463 1381 hoc
1516 1342 1634 1394 quod
1649 1346 1717 1409 Tge
1733 1347 1928 1409 ejoassnpledOf

311 1412 457 1451 beatus
484 1412 715 1465 Gregorius
750 1413 887 1452 oravit
919 1413 1157 1466 specialiter
1180 1426 1258 1466 pro
1283 1412 1471 1451 Traiano
1506 1425 1633 1465 quem
1649 1391 1764 1453 Τῑᾱΐὶῐῗῑ
1787 1390 1817 1444 g
1834 1390 1924 1453 ἓὶῗεά,

308 1482 431 1522 scivit
464 1496 552 1522 esse
586 1483 885 1536 dampnatum,
932 1483 1030 1536 quia
1064 1482 1267 1522 Johannis
1303 1481 1392 1532 1110,
1435 1481 1501 1521 18:
1551 1481 1636 1530 Qui

213 1555 390 1593 201¹³710n
414 1552 437 1574 a
459 1553 594 1593 credit
627 1554 712 1593 iam
736 1553 948 1593 iudicatus
980 1559 1053 1593 est.
1090 1553 1325 1606 Imperator
1358 1561 1502 1591 autern
1526 1552 1633 1591 Tra-

309 1624 429 1663 ianus
454 1623 533 1664 fuit
565 1623 746 1664 infidelis
780 1624 986 1663 decedens
1020 1623 1060 1662 in
1085 1622 1268 1675 mortali,
1293 1636 1394 1675 ergo
1417 1635 1513 1662 cum
1539 1623 1634 1662 bea-

254 1707 295 1729 20
311 1705 377 1735 tus
411 1695 644 1748 Gregorius
670 1694 748 1734 fuit
777 1708 853 1747 pro
877 1694 946 1734 illo
981 1694 1204 1733 exauditus
1238 1707 1260 1732 a
1294 1693 1485 1746 domino,
1521 1693 1633 1732 vide·

312 1774 381 1805 tur
403 1766 518 1818 quod
552 1779 630 1818 pro
664 1765 819 1805 talibus
852 1765 1018 1804 licitum
1053 1773 1114 1804 est
1147 1772 1292 1815 orare;
1327 1776 1428 1815 ergo
1462 1772 1634 1802 sanctus

312 1844 453 1889 potest
501 1835 653 1874 mereri
697 1845 744 1874 ut
788 1835 891 1874 tales
931 1835 1253 1885 resuscitentur,
1299 1843 1439 1886 potest
1484 1834 1635 1873 mereri

312 1915 358 1945 ut
393 1906 624 1945 salventur.
659 1905 817 1944 Tercio
851 1904 1130 1944 confirmatur
1164 1918 1238 1957 per
1272 1904 1352 1943 hoc
1392 1904 1509 1956 quod
1539 1904 1709 1943 licetand
1733 1908 1799 1936 itis
1830 1910 1924 1945 urged

311 1990 431 2016 orare
466 1990 543 2030 pro
572 1976 765 2029 quolibet
799 1976 864 2015 cui
899 1976 1041 2015 oracio
1077 1975 1186 2014 foret
1218 1975 1333 2014 utilis
1368 1974 1434 2013 vel
1473 1974 1634 2012 malum
1651 1945 1927 2017 dgit‘illtsegffgfiihssy

254 2047 293 2079 25
312 2047 492 2095 tolleret,
528 2047 600 2085 sed
635 2046 692 2085 sic
727 2054 789 2085 est
824 2046 874 2084 de
907 2046 1025 2084 omni
1061 2045 1213 2084 merito
1248 2043 1468 2084 militantis
1503 2044 1630 2083 eccle·
1663 2015 1793 2043 cmm*
1815 2021 1916 2043 ment.

311 2117 370 2156 sie
403 2117 546 2170 quoad
581 2117 854 2169 dampnatos,
880 2129 980 2167 ergo
1003 2115 1101 2155 licet
1125 2129 1247 2154 orare
1271 2129 1348 2168 pro
1372 2114 1452 2154 illis
1483 2114 1630 2153 saltem

313 2188 500 2227 tollendo
535 2187 668 2239 magis
702 2186 861 2226 malurn
896 2186 1012 2240 quod
1047 2186 1104 2225 eis
1138 2186 1258 2224 aliter
1293 2185 1494 2224 eveniret.
1520 2184 1630 2224 Nam

312 2272 409 2310 sepe
455 2259 615 2296 dictum
664 2266 725 2296 est
768 2258 883 2310 quod
926 2266 1041 2297 totus
1081 2256 1268 2296 mundus
1309 2255 1496 2308 adquirit
1539 2268 1634 2307 per-

314 2327 547 2367 feccionern
588 2327 821 2367 secundam
865 2340 913 2365 ex
953 2326 1107 2366 merito
1147 2326 1321 2378 Christi,
1373 2338 1469 2364 curn
1515 2325 1635 2364 aliter

256 2397 297 2428 30
314 2398 452 2437 forent
505 2398 676 2451 dyaboli
730 2398 923 2450 penalius
985 2397 1171 2448 cruciati,
1233 2410 1282 2436 eo
1343 2395 1460 2449 quod
1514 2395 1634 2435 aliter

312 2468 517 2507 haberent
562 2469 698 2507 maius
744 2468 1012 2507 consorcium
1066 2467 1365 2520 conpunitum,
1418 2466 1512 2518 plus
1561 2465 1630 2504 de-

312 2548 528 2578 merentur
567 2538 750 2591 amplius
790 2538 1050 2589 seducendo,
1087 2546 1127 2578 et
1160 2547 1321 2577 careret
1366 2536 1633 2589 perfeccione

311 2609 512 2661 secunda,
561 2621 645 2662 qua
679 2608 809 2647 modo
850 2608 1148 2648 consolacione
1187 2616 1435 2647 sanctorum
1469 2606 1632 2646 miseri-

364 2758 388 2785 3.
427 2758 456 2785 A
488 2758 546 2793 A1²
586 2758 766 2785 eternaliter
804 2757 1032 2793 promerendis
1194 2764 1236 2792 19.
1281 2755 1321 2784 B:
1363 2755 1497 2783 infidelis
1536 2755 1630 2782 deest.

313 2812 357 2832 22.
392 2805 422 2832 in
454 2805 565 2832 codd.:
596 2804 764 2832 resuscitur.
927 2811 972 2840 27.
992 2806 1020 2832 A
1039 2804 1069 2831 in
1091 2811 1206 2838 marg.:
1242 2802 1322 2830 Nota
1355 2810 1493 2830 causam.
1516 2801 1633 2829 Christi

313 2853 417 2888 passio
446 2852 562 2887 perficit
588 2852 703 2879 omnia.
861 2852 905 2880 32.
936 2851 975 2878 B:
1005 2855 1121 2878 careret
1144 2850 1209 2878 scil.
1240 2849 1394 2884 mundus3
1428 2854 1499 2877 sunt
1533 2849 1632 2884 puniti

313 2898 378 2926 scil.
399 2899 526 2926 diaboli.
547 2898 649 2926 Locus
670 2898 727 2927 iste
747 2898 828 2926 haud
850 2898 942 2926 dubie
962 2903 1127 2933 corruptus
1148 2902 1203 2926 est.

1475 2944 1539 2987 344⁶
