2045 3312
116 258 192 299 128
841 260 1065 295 JOHANNIS
1093 259 1288 292 wchF.
1541 242 1649 302 [CAP.
1666 252 1718 280 vi.

137 384 300 423 Weqmust
323 382 359 421 be
401 369 658 411 Conceditur
679 380 819 408 tamen
842 368 892 406 de
915 367 1085 407 Christo
1108 366 1224 419 quod
1256 365 1345 418 ipse
1378 362 1612 403 eternaliter
1644 361 1722 401 fuit
1742 369 1820 413 146¹³
1839 371 1871 404 L

121 417 374 492 ctiifgssisiiob‘iaf‘
400 441 538 491 Deus;
571 452 646 479 nec
669 438 875 492 sequitur:
909 437 950 477 Si
976 436 1053 476 iste
1076 436 1208 476 homo
1230 435 1355 474 habet
1377 446 1465 474 esse
1487 431 1722 486 potenciale

108 495 213 552 twgffi
237 488 442 564 ffiiissimlin
482 509 617 550 causis
657 508 863 560 secundis,
905 520 1004 560 ergo
1049 506 1125 546 iste
1170 506 1300 545 homo
1349 512 1409 544 est
1452 516 1529 557 pro
1575 501 1722 542 eadem

198 561 300 595 bemg.
399 594 610 632 mensura,
644 579 743 634 quia
774 588 874 619 tunc
890 591 1018 617 omne
1041 576 1310 615 individuum
1333 574 1449 628 quod
1472 581 1612 626 posset
1635 585 1723 611 esse

405 650 526 702 foret,
551 659 590 691 et
623 651 679 690 sic
717 663 805 688 esse
838 648 879 687 in
912 646 1107 701 potencia
1139 655 1198 686 est
1233 645 1476 685 distrahens.
1511 643 1590 683 Vel
1622 650 1755 683 con-5

401 735 519 761 cesso
564 721 681 774 quod
715 719 906 759 Christus
945 717 1071 757 habet
1091 730 1179 756 esse
1213 724 1399 755 creatum
1431 727 1507 767 pro
1528 725 1726 754 mensura

404 792 512 841 data,
547 791 663 845 quod
696 799 768 841 est,
803 803 890 828 esse
930 801 1052 828 cause
1084 787 1280 838 secunde,
1314 794 1452 825 tamen
1492 793 1593 824 tunc
1637 796 1725 822 non

400 863 525 902 habet
557 876 644 901 esse
668 860 835 913 Christi,
853 859 951 914 quia
972 868 1073 899 tunc
1090 858 1260 897 haberet
1282 855 1553 896 existenciam
1574 855 1723 894 huma-

401 933 513 972 nitus
545 932 814 985 singularem.

139 1015 243 1044 Christ
274 1022 363 1041 assu-
460 1003 514 1043 Et
546 1003 603 1042 sic
647 1001 925 1055 respondetur
967 1000 1020 1039 ad
1065 998 1295 1039 secundam
1332 997 1582 1038 instanciam
1622 1009 1761 1048 con-b

112 1051 184 1079 med
205 1051 255 1077 the
271 1050 386 1076 human

129 1085 376 1148 {fflffffihhffie
403 1073 590 1112 cedendo
623 1081 907 1125 assumptum,
941 1084 1039 1110 cum
1073 1069 1266 1109 Christus
1299 1068 1377 1108 fuit
1398 1067 1441 1106 in
1473 1066 1614 1107 triduo
1637 1075 1725 1106 tam

111 1155 309 1220 &Recesogingsn
330 1155 557 1217 ffitcorpus
590 1156 721 1196 quam
753 1142 908 1192 anima,
953 1141 1024 1180 sed
1063 1153 1161 1180 cum
1193 1139 1387 1180 Christus
1428 1152 1515 1178 non
1549 1136 1726 1177 assumit

138 1232 192 1255 not
212 1226 242 1265 {n
265 1226 302 1252 O.
323 1225 362 1252 T.
404 1227 556 1267 corpus
576 1213 811 1267 ypostatice
833 1211 911 1251 nisi
934 1211 1146 1251 mediante
1169 1210 1323 1261 anima,
1348 1218 1474 1263 patet,
1497 1222 1595 1249 cum
1617 1220 1724 1247 non-

199 1267 301 1289 umes.
405 1285 508 1324 dum
533 1293 667 1324 creata
692 1293 753 1323 est
775 1282 917 1322 anima
940 1280 1094 1321 Christi
1118 1294 1195 1334 pro
1219 1290 1410 1333 tempore
1432 1280 1579 1319 veteris
1601 1287 1725 1318 testa-

404 1355 550 1405 menti,
583 1368 669 1394 non
702 1367 779 1407 pro
813 1353 885 1392 illo
917 1361 1111 1404 tempore
1144 1360 1204 1390 est
1237 1350 1442 1401 Christus,
1475 1363 1550 1389 nec
1574 1347 1783 1389 sufficit15

405 1425 457 1464 ad
491 1439 578 1465 esse
610 1425 879 1464 individuum
913 1436 1000 1462 esse
1033 1421 1291 1476 specificum,
1324 1421 1424 1475 quia
1444 1430 1545 1461 tunc
1577 1433 1726 1460 omnes

407 1495 575 1536 effectus
608 1496 800 1535 absolute
833 1492 1066 1534 necessario
1099 1493 1323 1533 evenirent.

139 1577 209 1606 The
239 1577 364 1606 Cum-ch
465 1567 532 1606 Ad
554 1566 732 1606 tercium
755 1574 930 1619 negatur
952 1573 1235 1618 assumptum,
1255 1577 1353 1603 cum
1369 1561 1539 1603 ecclesia
1563 1573 1728 1613 semper

133 1613 240 1641 would
263 1618 317 1640 not
338 1613 374 1640 be

133 1647 374 1712 1¹1¹,Zassfgssg’ffig
407 1638 485 1678 fuit
518 1638 696 1691 capitata
728 1650 801 1690 per
831 1637 1005 1676 verbum
1039 1636 1155 1689 quod
1180 1634 1332 1674 mansit
1354 1641 1556 1687 perpetue
1580 1631 1724 1671 eadem

117 1718 587 1782 ἓῐῌκκῐιαῗέίξηίειὶῇῗὲῧρεῑεοῃε
621 1716 660 1747 et
692 1707 748 1746 sic
792 1706 903 1746 idem
938 1715 1064 1759 caput
1096 1714 1192 1759 post
1231 1714 1269 1744 et
1309 1712 1419 1744 ante.
1466 1701 1787 1743 Conceditu1-20

130 1798 198 1829 way
218 1788 375 1837 since-me
408 1787 549 1818 tamen
592 1778 709 1832 quod
747 1786 845 1830 post
888 1777 978 1816 illas
1023 1776 1200 1829 nupcias
1239 1775 1463 1814 celebratas
1510 1773 1554 1812 in
1609 1782 1729 1812 utero

153 1829 358 1852 mcamanon.
408 1848 594 1902 virginis,
630 1849 803 1902 quando
846 1847 1039 1887 Christus
1080 1846 1158 1886 fuit
1204 1859 1349 1885 murus
1393 1854 1434 1884 et
1471 1843 1731 1884 antemurale

410 1933 562 1972 sponse
578 1933 664 1970 sue,
683 1918 760 1958 fuit
777 1924 903 1971 caput
925 1916 1104 1957 racionis
1121 1915 1299 1969 duplicis
1322 1924 1361 1955 et
1384 1914 1561 1968 duplicis
1584 1922 1731 1953 nature

411 1998 451 2029 et
483 1989 539 2029 sic
572 1989 699 2029 simul
731 1997 858 2042 caput
889 1987 1165 2027 intrinsecum
1208 1995 1247 2026 et
1286 1994 1413 2038 caput
1452 1984 1730 2024 extrinsecum

412 2059 598 2099 eiusdem
634 2058 817 2099 ecclesie.
853 2059 905 2097 Et
938 2057 994 2097 sic
1027 2057 1079 2096 ad
1102 2055 1370 2096 auctoritates
1403 2063 1542 2108 potest
1564 2053 1644 2093 dici
1667 2051 1732 2108 (ut
1748 2057 1788 2090 25

413 2130 531 2183 alias)
565 2130 683 2183 quod
722 2128 915 2169 Christus
957 2137 1017 2167 est
1055 2141 1132 2180 pro
1177 2136 1368 2179 tempore
1410 2125 1559 2165 veteris
1606 2132 1730 2163 testa-

413 2199 543 2240 menti
576 2200 733 2239 nedum
755 2199 989 2238 secundum
1013 2197 1208 2237 deitatem
1235 2197 1305 2236 sed
1327 2196 1562 2236 secundum
1586 2207 1732 2234 causas

413 2270 629 2321 secundas,
664 2278 703 2308 et
735 2269 791 2308 sic
823 2276 1006 2321 possunt
1038 2267 1115 2320 ipsi
1151 2266 1229 2306 dici
1264 2265 1488 2306 christiani.

472 2340 619 2380 Tercia
642 2339 865 2379 difficultas
890 2338 1088 2379 naturalis
1112 2347 1186 2389 est,
1209 2337 1431 2391 quomodo
1455 2344 1596 2376 manet
1617 2335 1785 2375 idemM

414 2424 566 2464 corpus
600 2410 880 2450 inanimatum
922 2409 1010 2448 aliis
1049 2407 1237 2462 partibus
1277 2406 1481 2460 corruptis
1532 2405 1731 2445 continue
1749 2408 1790 2441 30

413 2481 632 2536 generatis,
667 2481 749 2520 Sed
781 2480 833 2519 ad
866 2479 968 2518 illud
1003 2479 1163 2518 dictum
1197 2486 1258 2517 est
1280 2477 1379 2516 alias
1403 2476 1520 2530 quod
1553 2484 1615 2515 est
1637 2476 1732 2514 dare

416 2565 568 2604 corpus
586 2550 867 2591 successivum
901 2558 986 2589 tam
1021 2548 1221 2588 continue
1244 2561 1374 2601 quam
1397 2545 1661 2599 interpolate,
1695 2554 1734 2585 et

415 2622 472 2662 ita
511 2631 572 2661 est
615 2622 665 2660 de
711 2621 841 2659 domo
900 2618 1116 2670 materiali,
1149 2618 1234 2657 sive
1282 2616 1467 2667 ecclesia,
1513 2616 1570 2656 sic
1617 2615 1735 2670 quod

418 2692 618 2732 existente
652 2691 886 2730 secundum
921 2698 1054 2729 totam
1095 2688 1278 2742 aliquam
1314 2686 1391 2727 fuit
1424 2686 1493 2725 illa
1526 2701 1608 2741 que
1640 2701 1733 2741 per-

473 2872 492 2892 1.
517 2864 557 2890 ss:
596 2862 758 2891 Concedit.
901 2862 924 2890 5.
947 2861 988 2889 B:
1029 2870 1096 2889 esse
1119 2862 1147 2889 in
1171 2868 1314 2898 persona.
1451 2860 1493 2888 16.
1533 2859 1565 2887 In
1588 2859 1657 2888 cod.
1697 2860 1735 2895 Λ,

419 2918 548 2948 spe0¹¹¹¹¹;
566 2913 590 2939 Α
614 2911 656 2938 15:
679 2910 851 2947 speculum.
980 2918 1024 2945 29.
1048 2911 1075 2937 Α
1097 2910 1126 2937 in
1148 2917 1263 2944 marg.:
1285 2907 1396 2936 Tereia
1418 2907 1590 2936 difficultas.
