2045 3312
160 269 239 321 570

154 956 177 983 lt
208 957 331 984 follows
364 957 429 984 that

154 1000 168 1019 a
185 999 256 1019 man
272 992 297 1019 is
313 997 366 1019 not
380 992 429 1019 the

206 1027 302 1054 better
328 1027 377 1054 sor

212 1062 370 1097 soliciting

186 1097 398 1130 indulgences.

197 2292 264 2319 Tne
287 2300 392 2328 power

154 2327 296 2355 ascribed
325 2332 356 2354 to
378 2329 428 2355 the

154 2363 236 2398 l‘ope
258 2364 282 2390 is
299 2362 426 2390 infinite.

879 279 1102 312 JOHANNIS
1128 279 1323 313 WYcLir.
1533 266 1639 326 [CAP.
1661 277 1771 306 xxm.

445 398 553 437 pena
599 394 639 424 et
688 386 811 438 culpa
866 386 1110 425 introducta
1157 386 1197 424 in
1238 386 1442 438 opinione
1479 387 1628 440 populi
1664 387 1772 426 foret
1791 397 1923 432 205⁴L

445 456 703 508 simplicium
734 456 968 509 seductiva,
1001 466 1041 496 et
1071 465 1320 510 sequeretur
1344 465 1523 510 utraque
1555 457 1771 497 conclusio

445 539 574 579 quam
610 526 762 565 doctor
802 527 974 580 reliquit
1014 535 1061 566 ut
1102 526 1419 578 inconveniens,
1454 527 1614 567 scilicet
1654 527 1770 580 quod

446 597 607 649 absque
660 597 777 635 omni
833 597 902 636 tali
956 596 1226 650 indulgencia
1281 597 1436 649 dignus
1480 597 1593 651 apud
1630 597 1766 636 Deum

445 667 737 706 remissionem
758 667 1145 720 proporcionaliter
1163 676 1415 720 sequeretur
1439 677 1479 706 et
1502 667 1770 720 indulgencie
1788 678 1804 711 5

446 738 734 777 communiter
767 736 917 777 fierent
942 751 1020 791 pro
1044 747 1133 777 tota
1168 738 1357 778 ecclesia.
1386 737 1631 778 Profectum
1657 738 1769 777 enim

446 807 583 847 tocius
618 807 792 847 ecclesie
827 808 953 847 debet
988 822 1097 861 papa
1132 808 1271 861 primo
1304 808 1526 848 intendere
1560 817 1600 848 et
1630 808 1769 848 distri-

448 878 674 917 bucionem
698 878 850 931 premii
876 878 1034 917 iudicio
1059 878 1204 917 divino
1232 879 1487 932 relinquere,
1512 887 1559 918 ut
1583 888 1768 933 oportet.

503 948 566 987 Ex
599 948 757 1001 quibus
791 949 961 987 videtur
995 948 1111 1002 quod
1146 962 1230 988 non
1265 958 1327 988 est
1360 949 1612 989 altrinsecus
1647 949 1824 993 valdeM

446 1017 715 1058 meritorium
759 1018 916 1058 instare
964 1032 1092 1071 penes
1141 1032 1295 1072 papam
1350 1032 1428 1071 pro
1482 1019 1826 1072 indulgenciisto

444 1088 572 1128 huius
627 1088 912 1142 acquirendis,
968 1089 1066 1142 quia
1122 1089 1185 1128 vel
1237 1098 1408 1141 oportet
1462 1089 1601 1130 dicere
1651 1090 1767 1143 quod

445 1159 615 1199 racione
660 1159 789 1198 huius
836 1159 1138 1212 occupacionis
1185 1159 1231 1198 fit
1279 1160 1411 1198 homo
1444 1159 1614 1212 dignior
1653 1160 1766 1213 apud

446 1231 601 1282 Deum,
659 1243 788 1283 quam
841 1229 954 1269 foret
1010 1230 1251 1270 omittendo
1317 1230 1443 1269 talem
1502 1230 1768 1283 instanciam,

446 1301 513 1340 vel
547 1300 667 1340 aliter
690 1300 805 1353 quod
831 1300 883 1339 ad
910 1300 1155 1339 habendum
1187 1299 1424 1340 affectatam
1451 1301 1767 1353 indulgenciam

446 1370 556 1410 foret
590 1370 810 1410 concessio
845 1371 911 1410 vel
945 1371 1057 1410 bulla
1093 1371 1256 1424 papalis
1290 1370 1549 1411 indifferens.
1575 1371 1768 1411 Primum
1789 1381 1825 1414 15

446 1454 531 1480 non
565 1440 737 1480 dabitur
769 1449 945 1493 propter
978 1441 1076 1481 tria:
1112 1441 1258 1481 Primo
1292 1441 1391 1494 quia
1426 1442 1623 1494 apostoli,
1659 1454 1768 1494 quos

445 1511 618 1565 spiritus
651 1521 823 1551 sanctus
849 1512 995 1550 docuit
1031 1524 1203 1550 omnem
1228 1512 1466 1563 veritatem,
1499 1512 1768 1565 culpabiliter

444 1581 689 1621 omisissent
721 1581 1057 1634 occupacionem
1093 1592 1179 1621 tam
1215 1582 1479 1621 meritoriam
1515 1595 1592 1635 pro
1626 1582 1765 1621 indul-

444 1652 601 1705 genciis
647 1652 950 1705 impetrandis;
997 1652 1186 1691 secundo
1232 1653 1332 1705 quia
1378 1661 1480 1692 tunc
1526 1666 1634 1705 papa
1669 1665 1764 1705 pro-

446 1731 615 1775 rogaret
647 1723 944 1762 concessiones
978 1722 1244 1774 huiusmodi,
1279 1731 1325 1762 ut
1358 1723 1557 1762 subditus
1598 1722 1765 1761 diucius
1781 1742 1824 1764 20

444 1794 668 1834 continuet
702 1793 743 1832 in
778 1793 862 1832 vita
898 1800 985 1832 tam
1020 1792 1261 1845 meritoria;
1294 1801 1334 1832 et
1367 1793 1499 1832 tercio
1532 1792 1641 1832 facta
1675 1801 1764 1832 tota

448 1864 671 1916 diligencia
705 1872 873 1903 tanturn
908 1863 1065 1903 valeret
1098 1863 1260 1916 petenti
1294 1876 1369 1902 nec
1402 1862 1558 1902 habere
1593 1875 1764 1903 conces-

444 1935 609 1974 sionem
643 1947 752 1987 pape
791 1933 855 1972 vel
896 1933 1054 1972 bullam
1096 1933 1206 1972 sicut
1245 1946 1400 1986 papam
1434 1933 1667 1972 concedere
1700 1933 1763 1973 vel

445 2004 619 2056 bullare,
652 2013 692 2043 et
715 2012 965 2057 sequeretur
1000 2003 1178 2043 tercium
1204 2004 1448 2043 membrum
1485 2003 1600 2057 quod
1632 2003 1766 2042 multa

444 2074 586 2114 officia
633 2075 886 2114 clericorum
932 2074 1150 2127 papalium
1197 2074 1581 2127 condempnarent.
1638 2073 1765 2113 Tales
1785 2082 1824 2115 25

443 2146 599 2185 multas
646 2144 887 2185 evidencias
935 2145 1122 2197 cogitare
1167 2157 1399 2197 possumus
1454 2157 1528 2196 per
1580 2156 1765 2197 quarum

443 2215 709 2255 obiecciones
743 2224 782 2255 et
813 2215 1054 2255 soluciones
1086 2215 1240 2255 veritas
1273 2213 1480 2254 catholica
1514 2214 1765 2254 declaretur.

504 2286 695 2326 Ulterius
729 2285 838 2325 fiunt
862 2294 1115 2338 argumenta
1151 2285 1396 2324 communia
1422 2293 1571 2324 contra
1593 2296 1765 2323 omnem

445 2357 746 2409 theologorum
800 2365 840 2395 et
892 2356 1219 2395 decretistarum
1280 2354 1540 2395 sentenciam
1595 2354 1635 2393 in
1689 2354 1765 2393 hac

445 2435 580 2480 parte.
628 2427 809 2466 Videtur
852 2427 981 2477 enim,
1026 2426 1167 2479 primo
1203 2426 1318 2479 quod
1352 2434 1539 2478 potestas
1573 2438 1680 2477 pape
1714 2423 1798 2464 sitl

446 2497 642 2549 potencia
689 2495 875 2548 infinita;
927 2509 1024 2535 narn
1070 2509 1179 2549 papa
1227 2495 1355 2534 habet
1409 2503 1665 2547 potestatem
1712 2493 1763 2532 ad

447 2567 771 2606 concedendum
798 2566 1091 2619 indulgencias
1126 2565 1301 2605 infinitis
1336 2565 1530 2618 personis
1564 2578 1638 2617 per
1673 2563 1764 2603 infi-

447 2637 585 2676 nitum
646 2646 816 2690 tempus
871 2637 1112 2686 duraturas,
1169 2649 1268 2688 ergo
1323 2634 1539 2675 infinitum
1593 2634 1764 2673 maioris

447 2706 643 2760 potencie
697 2715 758 2746 est
812 2720 939 2759 quam
995 2706 1234 2759 episcopus,
1285 2705 1357 2759 qui
1402 2706 1542 2745 solum
1587 2703 1765 2757 quadra-

446 2777 563 2828 ginta
612 2776 699 2815 dies
741 2776 879 2815 solum
927 2776 1057 2815 finitis
1105 2776 1286 2815 subditis
1333 2783 1474 2828 potest
1519 2774 1821 2814 concedere.35

497 2931 531 2950 ιι.
553 2922 592 2950 B:
615 2922 696 2950 hius.
838 2929 884 2958 27.
906 2921 945 2949 B:
965 2921 1162 2950 obiecciones
1183 2921 1377 2950 soluciones.
