2045 3312
245 224 421 283 CAP.11{.]
752 239 812 270 DE
839 239 1075 271 ECCLESIA.
1807 234 1854 273 55

93 345 355 390 G135db0n‘d
400 343 570 384 ecclesie
609 358 685 396 pro
724 342 908 383 facinore
948 353 1133 397 querunt
1170 346 1327 385 laudes.
1382 348 1443 385 Ex
1481 347 1570 388 istis

244 413 586 455 conclusionibus
625 413 750 453 huius
792 413 925 455 sancti
958 415 1358 456 demonstrabilibus
1390 430 1568 470 perpen-

243 485 340 524 dere
360 492 502 537 potest
530 483 832 524 ecclesiasticus
863 494 950 524 tam
980 484 1181 537 regularis
1204 499 1335 538 quam
1359 486 1568 539 secularis,

242 554 274 593 si
314 554 532 607 diligenter
575 554 815 595 examinent
858 555 1168 595 conscienciam
1213 569 1311 595 cum
1349 556 1567 609 scriptura,

210 624 454 677 5palpando
502 624 803 677 intencionem,
851 625 1125 665 volucionem
1167 635 1207 665 et
1245 634 1388 666 motus
1427 627 1567 666 anime

242 707 339 733 cum
370 693 610 734 intencione
636 695 820 748 supremi
844 695 1007 745 iudicis,
1041 697 1158 750 quod
1182 710 1269 736 non
1291 706 1380 736 tam
1402 696 1567 736 assidue

241 765 542 805 contenderent
573 779 650 818 pro
682 766 841 805 vocatis
875 766 998 806 bonis
1036 766 1220 808 ecclesie.

199 844 225 877 b
298 835 415 874 Patet
438 836 643 876 secundo:
678 837 914 885 Quomodo
940 837 1140 877 dominus
1163 851 1273 890 papa
1296 850 1383 876 non
1407 836 1566 877 foveret
1639 849 1805 885 Litigation

240 905 311 944 sed
355 904 616 958 extingueret
661 905 755 946 lites
798 906 1045 946 huiusmodi
1094 908 1329 947 secundum
1376 884 1858 989 regulamgffilsiggsitjffi‘

1648 962 1662 980 C
1737 963 1762 981 'C
1815 963 1820 967 '
1847 969 1858 974 ·

186 995 224 1016 10
239 974 459 1027 evangelii:
493 975 525 1014 si
560 975 673 1016 enim
705 976 1043 1017 committeretur
1073 977 1225 1030 regnis,
1265 977 1489 1029 provinciis
1523 987 1636 1050 αξξ-5
1651 994 1682 1015 10
1696 989 1859 1051 witthtdlraw

1530 1048 1537 1054 ,
1611 1032 1626 1050 Ε
1646 1032 1706 1060 pay
1720 1032 1737 1051 O
1791 1032 1858 1051 lose

240 1044 466 1098 parrochiis
499 1059 673 1086 examen
705 1046 788 1086 vite
812 1046 1072 1098 clericorum,
1106 1047 1163 1086 sic
1187 1048 1302 1101 quod
1326 1061 1412 1086 non
1435 1048 1559 1087 mini·
1576 1060 1645 1086 who
1658 1060 1856 1099 nheglecteato

238 1124 466 1155 strarentur
512 1116 570 1155 eis
615 1116 823 1169 stipendia
866 1117 1079 1157 subtracto
1120 1117 1369 1158 sensibiliter
1412 1132 1561 1158 eorum
1641 1099 1793 1122 munster.

237 1185 486 1237 ministerio,
516 1186 724 1226 viveretur
746 1187 1034 1239 superioribus
1056 1187 1280 1240 prepositis
1306 1188 1565 1229 tolerabilius

238 1265 278 1296 et
316 1257 601 1296 sacerdotibus
640 1271 738 1296 cum
777 1257 940 1310 populo
973 1257 1125 1297 melius
1161 1271 1291 1310 quam
1325 1268 1386 1298 est
1418 1259 1564 1298 modo.

185 1326 436 1370 &Defectus
473 1336 617 1367 autem
656 1336 937 1380 patronorum
977 1337 1017 1367 et
1058 1327 1207 1380 populi
1240 1338 1384 1380 posset
1416 1342 1564 1381 specu-

237 1397 346 1437 lator
377 1397 567 1450 superior
599 1397 760 1438 facilius
795 1398 998 1450 corrigere
1031 1412 1161 1451 quam
1194 1406 1336 1438 totum
1359 1412 1468 1438 onus
1491 1412 1565 1452 per

238 1481 280 1507 se
313 1481 412 1507 cum
450 1467 561 1508 falsis
600 1469 776 1508 testibus
820 1469 940 1508 litem
983 1468 1252 1522 gignentibus
1297 1478 1561 1521 supportare.

237 1539 323 1577 Nec
364 1538 589 1592 requiritur
625 1539 704 1578 alia
742 1540 807 1579 lex
839 1539 881 1578 in
914 1539 1204 1579 distribuendo
1249 1538 1387 1579 officia
1429 1552 1560 1578 sacer-
1577 1549 1645 1613 ”giale
1659 1551 1855 1614 ffileyffleffiff-

1820 1607 1837 1622 ο

237 1609 389 1648 dotum
430 1609 510 1648 nisi
555 1609 747 1662 cognicio
786 1624 809 1648 a
853 1609 987 1663 capite
1034 1623 1107 1662 per
1147 1618 1271 1649 testes
1309 1609 1560 1662 probabiles,
1577 1621 1856 1691 ιῠὴᾶξὲιὲξῃῃῗιιὲιὲιᾱ

1532 1679 1538 1684 .
1601 1664 1635 1682 e<
1714 1665 1721 1683 l
1760 1665 1774 1683 C
1824 1665 1859 1684 Ol·

182 1701 223 1722 20
237 1679 353 1732 quod
385 1692 495 1718 unus
536 1678 587 1719 sit
619 1689 755 1719 rector
785 1679 828 1718 in
861 1679 1095 1719 ministerio
1129 1679 1389 1731 sacerdotali,
1424 1679 1772 1738 solici-mnqessnand
1803 1692 1857 1719 de-

238 1748 323 1788 cior
360 1748 608 1788 habiliorem
646 1761 896 1802 preponere;
936 1750 986 1789 de
1024 1763 1111 1804 quo
1151 1749 1183 1790 si
1218 1763 1306 1789 non
1344 1750 1558 1804 gauderet,
1577 1726 1857 1789 posffirirltehjegde-

239 1819 456 1872 depositus
501 1818 621 1870 foret,
667 1833 716 1859 ex
758 1819 941 1874 ypocrisi
985 1834 1031 1860 ac
1065 1819 1294 1874 cupiditate
1328 1829 1560 1873 suspectus.

189 1902 226 1935 Η
298 1890 352 1929 Et
382 1899 498 1942 patet
529 1889 657 1929 tercio
690 1890 808 1943 quod
841 1903 964 1929 causa
987 1889 1259 1929 dissensionis
1283 1899 1321 1930 et
1345 1890 1562 1943 perturba—

240 1959 371 1999 cionis
423 1960 593 2000 ecclesie
637 1960 689 1999 sit
727 1959 892 1999 malicia
934 1960 1212 2000 sacerdotum.
1265 1961 1376 1999 Nam
1415 1973 1565 1999 eorum

182 2043 220 2075 25
237 2029 478 2071 virtuositas
502 2029 683 2070 maxime
706 2029 942 2083 pacificaret
965 2030 1200 2082 ecclesiam3
1234 2030 1328 2070 ideo
1353 2044 1401 2070 ex
1424 2045 1561 2084 oppo-

237 2099 316 2140 sito
362 2114 512 2140 eorum
554 2100 799 2154 perversitas
844 2101 1026 2140 maxime
1066 2102 1280 2155 perturbat
1327 2101 1558 2153 ecclesiam,

236 2170 334 2224 quia
377 2180 599 2223 peccatum
641 2172 758 2225 quod
795 2180 856 2211 est
887 2185 961 2224 per
994 2185 1035 2211 se
1068 2186 1193 2212 causa
1225 2172 1557 2224 perturbacionis

237 2240 405 2280 ecclesie
436 2241 479 2280 in
510 2241 610 2294 ipsis
643 2251 704 2282 est
735 2242 913 2294 gravius,
948 2242 1104 2282 Dicunt
1127 2243 1241 2281 enim
1264 2251 1409 2281 contra
1430 2241 1558 2281 fidem
1584 2251 1790 2300 xvickedness
1811 2252 1847 2280 of

239 2313 354 2364 quod
387 2321 483 2352 sunt
505 2312 581 2351 viri
613 2321 753 2352 sancte
780 2312 924 2351 matris
949 2312 1134 2363 ecclesie,
1166 2313 1262 2352 licet
1285 2312 1367 2352 sint
1389 2321 1556 2364 aposta-
1574 2287 1853 2350 prtxfigtsffltlffitgssies

182 2392 223 2424 30
239 2390 374 2421 tantes
406 2391 542 2435 partes
575 2382 743 2433 diaboli,
779 2392 819 2423 et
850 2396 923 2435 per
956 2396 1231 2436 consequens,
1268 2381 1425 2422 faciunt
1458 2396 1557 2421 con-

239 2451 449 2491 fusionem
499 2452 542 2492 in
596 2451 696 2504 fide,
756 2452 1052 2493 confusionem
1103 2453 1145 2492 in
1199 2453 1468 2493 sacramentis
1522 2461 1561 2492 et

238 2522 573 2562 subtraccionem
606 2522 831 2575 spiritualis
865 2522 1049 2576 suffragii
1081 2537 1104 2562 a
1126 2523 1216 2563 Deo
1250 2537 1323 2576 per
1354 2523 1470 2576 ipsos
1497 2523 1559 2562 in-

237 2592 562 2633 strumentaliter
594 2592 820 2633 derivandi.

298 2761 338 2780 10.
359 2753 399 2780 B:
422 2753 525 2789 regnis
546 2753 662 2789 regnis.
737 2762 771 2781 11.
794 2762 831 2782 12.
860 2754 898 2782 B:
920 2754 1143 2782 ministrentur.
1172 2755 1213 2783 ib.
1243 2754 1363 2783 Codd.:
1394 2753 1559 2781 videretur.

240 2808 281 2835 19.
302 2800 332 2828 A
350 2800 381 2828 in
402 2809 518 2836 marg.:
539 2800 583 2829 De
604 2801 761 2829 eleccione
782 2802 819 2829 ad
847 2801 1008 2836 prelacias.
1031 2801 1051 2828 B
1073 2802 1102 2828 in
1124 2810 1235 2836 marg:
1257 2801 1339 2829 Nota
1359 2801 1395 2828 de
1405 2799 1560 2827 eleccione

239 2845 269 2872 in
291 2847 517 2881 preposituram
539 2855 598 2882 qua
618 2847 719 2875 forma
740 2847 798 2875 fiet.
820 2848 864 2874 A:
887 2848 1011 2883 cognito
1030 2856 1045 2874 a
1064 2848 1174 2882 capite.
1258 2855 1303 2874 ρο.
1320 2846 1395 2874 AB:
1418 2851 1498 2873 recto
1516 2845 1558 2872 in.

241 2899 278 2919 21.
299 2892 338 2920 B:
357 2893 566 2921 humiliorem.
587 2894 628 2922 25.
651 2894 690 2922 B:
713 2893 879 2929 pacificari.
