2045 3312
176 260 253 314 596

171 373 411 410 Temporalium
432 380 523 400 amor
549 373 689 400 occultus
711 373 872 409 quomodo
893 379 1007 406 cogno-

205 420 301 449 scitur
320 428 354 456 27
376 420 431 454 (153
441 420 466 454 d)
483 431 513 446 =
529 421 590 449 181.

170 468 407 503 'sempor-alium
428 467 549 495 ablacio
570 475 603 503 27
623 467 684 503 (153
697 470 718 503 ο)
741 479 771 493 =
792 469 854 497 179.

173 515 215 542 De
235 515 439 543 tribulacione
469 515 626 542 bonorum
653 519 681 542 et
707 515 913 551 prosperitate
947 523 1012 542 ma-

207 562 308 590 lorum
329 562 362 590 32
383 561 444 595 (158
454 562 480 596 d)
502 572 533 587 =
554 562 615 591 ⁶215.

171 607 375 644 Temporalia
404 610 496 637 debet
522 610 623 637 clerus
649 609 762 636 habere
795 609 955 636 moderate
975 615 1012 642 42

207 654 271 691 (168
282 656 307 691 ⁴¹)
328 666 359 681 =
379 657 441 686 284.

172 703 204 731 In
237 708 423 731 testamento
463 703 557 731 veteri
592 708 679 731 erant
711 703 806 730 multe
837 702 1009 730 elemosine

207 750 374 786 religiones
413 755 441 778 et
480 749 555 778 ritus
588 750 730 785 perpetui
772 749 937 785 approbati
974 757 1010 783 42

206 797 270 829 (168
281 798 307 832 d)
327 807 358 822 =
377 798 438 827 ‘284-

173 844 217 871 De
238 842 377 871 Traiano
405 852 498 880 quem
527 844 609 871 Deus
640 851 695 879 per
719 844 899 871 oracionem
929 843 1007 870 beati

209 890 354 926 Gregorii
381 899 397 918 a
423 890 654 926 dampnacione
680 891 820 918 liberavit
846 891 879 926 75
909 891 1008 926 (201⁰)

208 948 241 963 =
259 938 320 967 533.

175 984 291 1012 Contra
306 984 473 1013 Ticonium
489 985 686 1019 Augustinus
703 985 739 1011 de
755 991 886 1019 corpore
907 989 1012 1011 sancte

211 1031 339 1060 ecclesie
360 1031 390 1059 18
411 1031 509 1065 (1451‘)
529 1041 560 1056 =
581 1032 642 1067 120,
662 1032 723 1060 121.

178 1162 282 1189 Virtus
303 1161 364 1189 cibi
385 1160 620 1189 sacramentalis
643 1169 649 1187 1
672 1161 731 1195 (128
742 1160 768 1195 b)
789 1170 819 1185 =
839 1162 865 1190 4.

175 1208 284 1236 Unitas
311 1208 441 1236 ecclesie
471 1208 623 1244 probatur
649 1216 686 1234 ex
712 1207 817 1235 multis
847 1207 1010 1242 scripturis

213 1264 227 1283 2
247 1257 308 1290 (¹29
320 1257 356 1292 ⁸),
380 1264 401 1283 11
424 1255 483 1291 (137
496 1258 520 1290 ³)
543 1265 573 1280 z
594 1255 637 1291 10,
657 1254 701 1284 68-

176 1303 233 1331 Vir
253 1310 417 1339 perversus
439 1310 502 1330 non
523 1306 569 1329 est
589 1306 681 1336 caput
696 1301 803 1328 uxoris
824 1308 882 1328 nec
897 1305 942 1328 est
956 1308 1010 1336 pet·

213 1352 314 1387 ipsam
336 1350 505 1378 imitandus
525 1349 539 1377 3
561 1346 624 1382 (130
634 1348 661 1382 b)
682 1358 712 1373 =
732 1349 775 1377 18.

178 1399 223 1426 De
242 1398 371 1426 Urbano
390 1396 444 1432 Vl,
467 1397 533 1424 laus
553 1395 619 1423 eius
640 1396 657 1424 6
679 1393 736 1428 (133
746 1395 771 1429 b)
795 1406 823 1419 z
844 1396 887 1427 37.
908 1396 943 1424 38

181 1446 311 1474 Virtutis
349 1444 477 1472 amissio
517 1442 616 1479 magis
655 1442 789 1470 dolenda
835 1447 881 1470 est
918 1449 1010 1478 quam

213 1492 344 1520 amissio
363 1490 584 1527 temporalium
607 1489 624 1516 8
645 1487 701 1524 (135
712 1490 737 1523 a)
759 1500 788 1515 =
809 1490 853 1525 50,
873 1489 916 1517 51.

180 1540 317 1568 Verbum
340 1537 458 1567 domini
479 1537 685 1565 adulterantes
707 1544 724 1572 9
746 1535 806 1570 (136
819 1537 842 1569 ει)
865 1545 895 1560 ;-
916 1536 951 1564 56

177 1587 282 1614 Ubera
303 1590 331 1613 et
351 1590 508 1620 unguenta
529 1583 658 1611 ecclesie
680 1591 701 1610 11
724 1585 781 1618 (¹37
794 1584 817 1617 c)
841 1593 871 1607 =
893 1584 935 1611 66Δ

179 1632 310 1662 Unitatis
331 1637 402 1660 octo
422 1630 508 1658 modi
531 1639 558 1665 ¹7
580 1630 642 1664 (143
654 1630 676 1664 ο)
697 1639 728 1655 ;--
750 1630 812 1659 109.

181 1680 224 1707 De
246 1679 376 1707 univoca
399 1678 524 1706 racione
546 1677 676 1705 ecclesie
698 1685 725 1711 17
745 1675 843 1711 (1430)
863 1686 894 1701 =
915 1677 977 1706 109.

180 1727 280 1755 Vinea
302 1726 412 1755 dicitur
432 1725 564 1753 ecclesia
594 1729 622 1752 et
641 1724 804 1761 quomodo
825 1724 1016 1751 convertitur

215 1775 244 1802 in
265 1779 368 1802 ortum
381 1772 523 1801 olerum?
544 1779 580 1807 20
602 1771 663 1805 (156
675 1773 713 1808 ¹¹),
732 1770 766 1806 57
787 1769 848 1805 (183
858 1772 882 1806 c)
905 1781 934 1795 z
955 1772 1016 1805 197,

214 1822 275 1852 392.

185 1871 227 1897 1)0
248 1869 403 1896 voluntate
424 1866 543 1903 peccati
564 1864 599 1894 38
621 1865 687 1900 (16.1
698 1865 722 1900 d)
744 1877 773 1891 z
793 1866 855 1895 255.

183 1915 324 1944 Vicarius
340 1913 454 1943 Christi
475 1918 525 1941 aut
539 1912 619 1940 Petri
640 1911 709 1948 quis
730 1912 795 1939 est?
816 1912 846 1940 53
867 1911 931 1945 (180
943 1914 968 1947 ⁹)
988 1923 1018 1937 =

215 1964 276 1999 366,
295 1964 358 1992 367.

182 2010 240 2038 Pro
261 2007 429 2036 universali
451 2007 523 2035 reali
545 2007 652 2042 pulcra
673 2006 708 2034 58
729 2005 787 2040 (185
799 2007 824 2041 ⁰)
847 2016 878 2031 =
898 2006 958 2035 405.

183 2055 331 2084 Veritatis
351 2060 397 2082 est
417 2053 559 2090 proditor
588 2053 640 2089 qui
670 2053 772 2089 ipsam
794 2061 854 2080 non
878 2061 1018 2088 pronun-

220 2103 280 2130 ciat
301 2102 381 2130 510111
408 2101 500 2129 debet
519 2106 546 2128 et
575 2099 718 2128 similiter
754 2099 806 2135 qui
828 2099 929 2135 ipsam
955 2108 1018 2127 non

219 2148 356 2178 defendit
377 2149 406 2177 61
428 2146 492 2182 (188
503 2149 527 2182 ⁴¹)
548 2157 578 2172 =
599 2147 660 2176 429.

185 2196 345 2231 Virginem
380 2194 453 2223 facit
479 2203 515 2222 ex
535 2194 697 2222 meretrice
727 2192 841 2221 Christi
882 2194 1018 2228 despon-

219 2243 313 2271 sacio.
337 2242 372 2271 62
392 2241 457 2276 (188
468 2243 492 2276 0)
514 2251 543 2266 =
563 2241 627 2271 432.

577 2326 629 2358 X.

185 2395 326 2424 Christus
347 2399 391 2422 est
412 2394 560 2429 equivoce
581 2396 673 2427 caput
693 2396 754 2419 tam
770 2391 906 2419 fidelium
927 2400 1019 2427 quam

220 2441 361 2469 omnium
383 2439 554 2468 infidelium
575 2446 592 2474 9
614 2437 675 2473 (136
687 2442 710 2471 ·“)
732 2447 762 2463 =
782 2439 826 2467 57.

187 2488 330 2517 Christus
363 2486 490 2514 salvavit
516 2489 614 2513 totum
643 2485 794 2512 mundum
816 2485 918 2520 quoad
940 2484 1021 2512 sufii-

221 2535 372 2563 cienciam
394 2541 424 2561 10
446 2533 506 2568 (136
520 2535 542 2567 c)
564 2542 594 2557 z
614 2532 659 2568 59,
679 2533 722 2562 60.

188 2582 332 2611 Christus
360 2580 464 2616 posuit
491 2588 523 2607 se
544 2579 655 2607 crebro
685 2578 715 2606 in
737 2577 840 2606 medio
872 2578 903 2606 16
925 2576 1022 2613 (1431))

223 2639 253 2654 =
274 2629 335 2663 107,
356 2628 416 2657 108.

187 2676 220 2704 In
249 2674 373 2703 Christo
401 2673 562 2709 quomodo
600 2672 630 2699 fit
663 2671 826 2706 copulacio
859 2674 890 2699 16
925 2671 1023 2706 (1431’)

225 2732 255 2747 =
276 2722 336 2750 107.

189 2769 298 2796 Utrum
326 2766 468 2795 Christus
498 2764 555 2792 suit
584 2769 653 2792 ante
686 2763 960 2791 incarnacionem?
993 2771 1023 2799 ¹9

225 2813 328 2849 (146⁸)
349 2822 380 2837 =
401 2813 461 2841 126.

277 2906 300 2940 ⁸)
321 2904 460 2933 Number
481 2903 515 2931 of
532 2903 582 2931 the
604 2910 683 2937 page
704 2902 844 2930 omitted.

845 267 1062 302 GENERAL
1089 267 1167 300 IND
1178 268 1248 301 Ex.

1087 370 1231 400 Christus
1252 371 1282 398 in
1303 370 1405 406 primo
1427 370 1553 398 instanti
1574 369 1682 398 mundi
1706 369 1763 398 fuit
1784 378 1924 406 sponsus

1121 417 1254 445 ecclesie
1275 424 1305 452 19
1328 416 1387 451 (145
1399 418 1422 452 c)
1443 426 1474 442 =
1494 418 1556 453 123,
1575 417 1637 446 124.

1085 463 1207 499 Nupcie
1242 463 1356 492 Christi
1390 471 1445 499 per
1477 463 1732 492 incarnacionem
1766 471 1797 500 19
1828 462 1889 498 (145
1900 463 1925 498 ἀ)

1121 520 1152 535 Ξ
1171 511 1233 540 124.

1085 556 1195 585 Utrum
1216 557 1347 585 verbum
1376 562 1422 585 est
1447 557 1542 585 homo
1574 555 1717 585 Christus
1736 555 1826 584 Jesus
1855 560 1925 584 ante

1122 604 1376 632 incarnacionem
1397 612 1428 641 ¹9
1449 603 1514 639 (146
1525 604 1550 640 ⁸)
1568 614 1598 629 =
1618 605 1680 633 126.

1086 650 1228 679 Christus
1242 658 1298 686 per
1311 650 1567 679 incarnacionem
1579 650 1747 685 orig-‚inavit
1761 649 1924 677 ecclesiam

1121 697 1322 725 christianam
1343 705 1373 733 19
1386 701 1408 732 Β)
1435 697 1496 732 (14.5
1507 697 1532 732 ⁴¹)
1553 707 1583 723 =
1604 698 1664 727 124-

1086 743 1229 773 Christus
1252 744 1457 780 desponsavit
1478 744 1537 773 sibi
1559 748 1693 771 matrem
1715 751 1803 771 suam
1824 742 1924 770 eccle-

1121 792 1200 820 siam
1232 799 1294 819 non
1323 791 1496 819 secundum
1527 799 1559 817 se
1588 795 1685 818 totam
1712 797 1748 818 20
1768 789 1871 824 (14612)
1893 799 1924 814 z

1120 840 1180 868 131.

1087 885 1203 914 Omnia
1230 885 1372 913 membra
1393 882 1508 912 Christi
1535 882 1656 911 mistica
1684 887 1756 911 sunt
1779 881 1923 911 Christus

1120 941 1156 960 20
1177 932 1274 968 (1471')
1294 933 1354 961 134-

1085 980 1198 1008 Utrum
1214 978 1358 1007 Christus
1378 983 1406 1006 et
1420 977 1584 1014 quodlibet
1599 975 1777 1004 membrum
1793 974 1924 1002 ecclesie

1120 1028 1158 1055 sit
1178 1026 1288 1054 eadem
1315 1025 1444 1053 ecclesia
1471 1031 1603 1052 numero
1632 1030 1668 1050 2ο
1688 1022 1751 1057 (¹47
1763 1022 1788 1056 ὓ)
1810 1031 1839 1046 z
1861 1022 1923 1050 133.

1086 1073 1203 1102 Christi
1223 1072 1349 1109 sequela
1370 1071 1406 1100 26
1427 1069 1484 1107 (153
1495 1071 1520 1105 b)
1542 1081 1572 1095 z
1592 1071 1654 1099 177.

1086 1120 1228 1149 Christus
1257 1125 1285 1147 01
1312 1127 1366 1146 sua
1394 1117 1525 1146 ecclesia
1551 1122 1623 1144 sunt
1651 1123 1712 1143 una
1732 1122 1868 1151 persona
1889 1113 1924 1148 45

1120 1169 1210 1204 (1710)
1231 1177 1261 1192 =
1281 1168 1343 1197 303.

1086 1214 1229 1243 Christus
1257 1222 1318 1241 non
1350 1213 1387 1241 ad
1418 1212 1477 1239 1100
1507 1215 1552 1238 051
1579 1218 1690 1245 passus
1718 1214 1750 1237 ut
1779 1208 1917 1244 acquirat

1122 1261 1259 1290 dominia
1280 1260 1365 1288 clero
1385 1258 1420 1293 45
1442 1261 1501 1293 (172
1512 1260 1537 1293 ⁸)
1560 1267 1590 1282 =
1609 1258 1671 1287 306.

1087 1308 1231 1338 Christus
1271 1308 1339 1343 plus
1372 1305 1528 1341 obligatur
1559 1308 1699 1331 creature
1737 1311 1792 1330 sue
1830 1309 1923 1338 quam

1121 1360 1248 1383 econtra
1269 1359 1297 1382 et
1317 1353 1461 1381 similiter
1474 1350 1620 1379 sacerdos
1642 1348 1721 1377 laico
1743 1349 1812 1385 plus
1827 1355 1920 1385 quam

1122 1410 1250 1432 econtra
1270 1401 1304 1435 45
1325 1402 1385 1436 (172
1396 1400 1420 1434 b)
1443 1410 1473 1424 z
1493 1400 1554 1429 307.

1085 1449 1168 1478 Nota
1188 1448 1331 1477 Christus
1352 1455 1409 1484 pro
1431 1446 1547 1483 quibus
1573 1451 1684 1480 passus
1706 1447 1751 1470 est
1771 1442 1806 1475 45
1826 1442 1882 1478 (171
1895 1442 1920 1476 ⁴¹)

1123 1507 1152 1522 z
1174 1497 1225 1526 305

1087 1543 1202 1572 Christi
1229 1541 1333 1577 passio
1354 1539 1532 1568 iustificavit
1552 1545 1679 1566 omnem
1708 1537 1821 1564 iustam
1849 1542 1923 1571 pos—

1123 1589 1297 1618 sessionem
1318 1587 1358 1622 46
1381 1588 1440 1621 (172
1451 1587 1476 1620 ἅ)
1497 1596 1527 1610 z
1548 1586 1608 1614 312.

1088 1636 1204 1667 Christi
1224 1634 1361 1663 vicarius
1385 1638 1437 1661 aut
1457 1632 1536 1660 Petri
1557 1631 1627 1667 quis
1648 1635 1692 1658 est
1719 1628 1752 1658 53
1770 1629 1835 1664 (180
1846 1630 1869 1663 ¹¹)
1891 1637 1922 1653 =

1123 1686 1174 1715 366

1091 1733 1206 1763 Christi
1234 1730 1338 1767 passio
1360 1727 1489 1764 perfecit
1508 1724 1613 1753 omnia
1633 1724 1666 1759 57
1694 1724 1752 1758 (184
1767 1724 1792 1757 ¹¹)
1813 1732 1843 1747 =
1863 1722 1924 1751 397,

1091 1780 1207 1810 Christi
1237 1777 1377 1806 membra
1407 1774 1527 1803 viancia
1557 1772 1732 1800 illuminant
1759 1770 1865 1797 beatos
1894 1768 1926 1803 57

1124 1825 1221 1862 (183³)
1243 1836 1273 1850 =
1297 1823 1358 1854 395.

1091 1874 1203 1903 Utrum
1229 1877 1331 1907 patres
1353 1868 1466 1897 veteris
1493 1865 1671 1895 testamenti
1698 1864 1822 1892 fuerunt
1841 1861 1924 1890 chri-

1127 1919 1238 1948 stiani?
1258 1918 1290 1954 57
1311 1916 1370 1952 (184
1385 1918 1408 1951 ¹³)
1430 1926 1460 1941 =
1481 1915 1541 1945 398.

1093 1967 1245 1996 Homines
1261 1965 1406 1993 dicuntur
1416 1960 1578 1998 tripliciter
1592 1957 1751 1987 christiani
1772 1956 1806 1992 57
1828 1954 1892 1989 (184
1902 1956 1926 1989 εὶ)

1129 2025 1158 2040 :z
1178 2014 1239 2043 397.
1903 2048 1908 2053 ι

1093 2062 1236 2090 Christus
1268 2067 1330 2087 non
1359 2062 1405 2085 est
1425 2055 1612 2084 christianus
1639 2059 1709 2080 cum
1735 2053 1928 2086 argumentis

1128 2108 1166 2136 ad
1186 2106 1368 2142 oppositum
1388 2103 1420 2140 57
1442 2102 1543 2138 (18411)
1566 2111 1595 2126 =
1616 2101 1676 2130 400.

1093 2155 1235 2184 Christus
1264 2158 1309 2181 est
1335 2158 1450 2179 nomen
1480 2148 1701 2185 appellativum
1722 2144 1754 2180 57
1776 2142 1841 2179 (184
1853 2144 1877 2178 ⁰)
1899 2151 1929 2166 z

1126 2202 1187 2231 400.

1093 2249 1201 2278 Solum
1231 2244 1461 2283 predestinatus
1491 2247 1536 2269 est
1568 2239 1694 2277 proprie
1727 2236 1931 2269 christianus,

1128 2294 1286 2332 quomodo
1319 2291 1461 2320 Christus
1499 2293 1545 2317 est
1581 2287 1660 2323 lapis
1694 2282 1850 2321 angularis
1891 2283 1931 2309 60

1129 2342 1191 2377 (t87
1201 2343 1226 2376 ¹⁸)
1249 2350 1279 2365 --·
1299 2340 1360 2368 420.

1094 2389 1218 2418 Christo
1244 2387 1299 2414 suit
1325 2383 1471 2420 imposita
1491 2380 1685 2417 blasphemia
1705 2383 1737 2406 ut
1757 2377 1852 2405 cicius
1873 2383 1926 2402 ex-

1126 2437 1319 2471 tingueretur
1339 2432 1369 2459 61
1392 2430 1489 2466 (18701)
1511 2439 1541 2454 =
1561 2428 1622 2457 426.

1094 2482 1207 2512 Christi
1230 2478 1438 2516 desponsacio
1460 2476 1531 2504 facit
1546 2483 1582 2502 ex
1599 2471 1761 2501 meretrice
1777 2469 1928 2505 virginem

1129 2529 1165 2558 62
1185 2527 1247 2563 (188
1259 2530 1282 2562 0)
1309 2537 1339 2552 r:
1359 2526 1420 2555 43⁴2.

1095 2576 1244 2605 Christus.
1256 2572 1414 2602 commisit
1439 2571 1606 2607 primatum
1629 2566 1750 2596 iusticie
1770 2565 1829 2600 ipsi
1849 2562 1929 2591 Abel

1130 2621 1166 2651 63
1187 2622 1289 2658 (19012)
1310 2631 1340 2646 =
1361 2620 1423 2655 446,
1443 2620 1504 2648 447.

1098 2670 1189 2698 Solus
1205 2668 1347 2696 Christus
1368 2665 1467 2702 potuit
1487 2663 1598 2692 fortem
1622 2659 1782 2689 mulierem
1805 2665 1864 2694 que
1888 2659 1933 2683 est

1134 2715 1266 2743 ecclesia
1287 2712 1426 2742 invenire
1447 2710 1484 2747 67
1503 2710 1606 2745 (194⁰)
1628 2718 1659 2734 =
1677 2708 1739 2737 474.

1101 2763 1142 2790 De
1152 2759 1423 2795 Christiconiugio
1436 2762 1463 2785 et
1476 2755 1644 2790 ecclesiab)
1655 2761 1771 2790 sponsa
1785 2753 1821 2786 67
1832 2753 1896 2788 (¹93
1908 2751 1934 2785 d)

1133 2820 1163 2834 =
1183 2810 1244 2838 473.

998 2904 1023 2938 b)
1045 2904 1077 2931 ln
1098 2901 1166 2930 cod.
1188 2899 1318 2929 ecclesie
1339 2905 1466 2934 sponse.
