2045 3312
176 255 257 305 564
890 259 1114 292 JOHANNIS
1141 259 1334 292 WYCLIF.
1545 244 1651 303 [CAP.
1670 255 1780 284 xxm.

459 368 802 420 prefecturarum
836 376 876 406 et
911 367 961 405 de
1007 366 1153 405 multis
1199 365 1433 419 privilegiis
1468 374 1508 404 et
1548 365 1780 405 terroribus
1796 374 1934 408 205⁸G·

461 447 761 488 censurarum3
786 437 883 477 ideo
918 437 1020 476 tales
1056 436 1170 489 apud
1196 437 1336 476 Deum
1370 436 1593 476 incurrunt
1626 448 1780 488 penam

461 508 616 548 falsarii
663 518 702 548 et
735 518 835 548 sunt
868 507 981 561 apud
1021 516 1233 560 potentes,
1275 507 1455 547 scientes
1501 516 1541 546 et
1586 506 1781 545 ordinate

463 579 652 618 volentes
701 578 944 618 notabiliter
989 577 1232 618 renotandi.
1281 576 1427 630 Caput
1459 590 1560 629 ergo
1606 575 1780 616 ecclesie

463 649 660 690 Christus
709 663 806 689 cum
853 649 1065 702 scriptura
1110 662 1185 688 sua
1235 658 1275 688 et
1326 648 1481 688 sanctis
1534 647 1816 690 doctoribusff,

462 720 587 760 debet
621 734 710 760 esse
743 720 888 772 regula
924 719 1095 759 ecclesie
1132 720 1172 758 in
1209 718 1349 758 dubiis
1384 718 1643 758 decidendis.

521 790 720 830 Secundo
761 790 1049 843 principaliter
1094 798 1223 829 restat
1272 789 1441 828 obicere
1487 798 1631 828 contra
1665 787 1833 830 fictasH

462 861 771 914 indulgencias,
807 870 847 900 et
880 861 1022 914 primo
1048 869 1196 899 contra
1229 860 1490 900 sentenciam
1524 872 1606 913 que
1647 858 1781 910 impo-

463 932 577 971 nitur
612 940 759 970 sancto
794 931 978 982 Timr-ne,
1014 931 1114 984 quia
1139 931 1179 969 in
1203 931 1282 970 ista
1313 931 1489 970 materia
1520 929 1782 969 concordant

462 1002 660 1040 doctores
694 1000 778 1051 alii,
814 1010 898 1039 tam
935 1001 1160 1040 decretiste
1193 1014 1323 1053 quam
1358 1000 1558 1052 theologi.
1802 1018 1841 1040 10

186 1083 253 1110 The
275 1081 381 1110 mariis
403 1080 436 1107 of
520 1072 666 1111 Primo
692 1070 906 1127 (inquam)
934 1071 1103 1110 videtur
1136 1071 1252 1124 quod
1287 1079 1592 1123 supererogata
1632 1069 1812 1110 merital

188 1116 433 1182 ὴὲὴὲᾞηιῖῃέτε
463 1142 625 1182 Christi
661 1152 701 1181 et
733 1143 1029 1181 membrorum
1064 1155 1241 1181 suorum
1276 1141 1379 1180 olim
1415 1141 1690 1191 transierunt,
1743 1148 1783 1178 et

208 1192 313 1224 mmgs
335 1194 414 1224 Μὴ
462 1227 534 1266 per
558 1226 823 1266 consequens
849 1214 915 1253 vel
935 1226 1021 1252 non
1043 1222 1141 1252 sunt
1169 1212 1248 1263 vel,
1277 1212 1311 1251 si
1345 1222 1444 1251 sunt
1472 1225 1550 1264 pro
1572 1223 1650 1250 suo
1677 1219 1780 1250 tem-

461 1297 577 1336 pore,
609 1293 709 1323 sunt
728 1293 843 1323 extra
862 1292 1119 1336 potestatem
1148 1282 1409 1322 ordinariam
1438 1282 1521 1321 iam
1545 1280 1783 1334 superstitis

464 1354 648 1393 Romani
672 1353 902 1406 pontificis.
928 1353 1041 1402 Quid
1064 1350 1236 1407 (queso)
1257 1353 1364 1392 valet
1390 1350 1548 1404 fingere
1571 1352 1687 1405 quod
1706 1351 1783 1390 iste
1805 1362 1839 1393 15

463 1424 696 1477 Gregorius
733 1424 804 1464 XI.
851 1424 1064 1463 ordinavit
1110 1433 1150 1462 et
1201 1423 1385 1463 instituit
1431 1432 1476 1462 ut
1516 1422 1776 1476 ymmolacio

462 1495 596 1535 Ysaac
621 1504 660 1534 et
694 1503 828 1534 cetera
865 1494 1013 1533 merita
1037 1502 1209 1546 patrum
1244 1502 1412 1532 tantum
1447 1492 1776 1546 precedencium

461 1566 501 1605 in
539 1574 720 1618 utroque
746 1574 1001 1604 testamento
1035 1564 1194 1603 valeret
1227 1564 1278 1602 ad
1313 1563 1635 1602 ordinacionem
1658 1575 1779 1601 suam

464 1644 647 1688 cognato
697 1648 774 1674 suo
819 1635 902 1673 iam
949 1630 1145 1674 mortuo?
1190 1634 1286 1672 Non
1322 1633 1434 1672 enirn
1470 1633 1578 1672 valet
1624 1630 1783 1685 fingere

463 1706 685 1746 mendacia
718 1704 1001 1745 infundabilia
1025 1714 1202 1758 propter
1225 1703 1518 1743 extollenciam
1545 1703 1782 1754 potestatis,
1801 1724 1842 1746 20

465 1776 700 1826 Quomodo
725 1773 868 1830 (rogo)
903 1784 963 1814 est
1004 1775 1126 1829 copia
1160 1774 1411 1814 meritorum
1431 1768 1517 1826 ‘que
1550 1787 1634 1812 non
1671 1782 1784 1824 sunt,

174 1857 232 1885 and
265 1865 298 1906 ss)
327 1855 447 1893 beyond
465 1857 536 1887 aut
586 1847 807 1900 quomodo
854 1857 939 1886 tam
981 1846 1260 1886 determinate
1304 1846 1420 1897 lapsa
1460 1845 1500 1883 in
1534 1844 1787 1897 preteritum

182 1936 185 1939 ·
219 1901 270 1920 om
298 1899 412 1927 power.
467 1931 563 1957 cum
579 1918 782 1957 omnibus
807 1917 894 1956 suis
918 1915 1180 1969 appendiciis
1205 1925 1304 1955 sunt
1328 1915 1368 1953 in
1392 1924 1605 1968 potestate
1625 1922 1785 1964 nostra,

467 2001 562 2027 cum
610 1987 749 2027 omnis
794 1996 913 2026 actus
959 1999 1087 2039 quem
1137 1999 1212 2025 nos
1261 1985 1341 2038 ipsi
1377 1984 1554 2024 fecimus
1595 1984 1787 2037 preteriit

467 2068 722 2111 potestatem
771 2053 987 2097 nostram?
1034 2056 1270 2106 Quomodo
1304 2069 1405 2109 ergo
1440 2055 1659 2095 distribuit
1698 2054 1787 2107 ipse
1806 2065 1845 2098 25

466 2129 544 2169 ista
579 2142 707 2181 opera
741 2141 823 2182 que
857 2141 942 2166 non
976 2136 1075 2166 sunt
1107 2126 1149 2166 in
1182 2135 1395 2180 potestate
1431 2122 1530 2166 sua?
1561 2126 1647 2165 Nec
1680 2125 1788 2164 valet

469 2197 629 2252 fingere
663 2198 781 2251 quod
815 2197 1035 2237 distribuit
1069 2197 1235 2237 fructus
1260 2197 1442 2237 istorum
1468 2209 1663 2248 operum,
1689 2194 1789 2248 quia

470 2270 525 2308 illi
559 2283 643 2308 non
674 2278 773 2308 sunt
804 2268 882 2308 nisi
912 2268 1074 2320 premia
1108 2281 1190 2320 que
1224 2277 1323 2307 sunt
1358 2267 1644 2306 beatitudines
1684 2279 1788 2319 quas

471 2353 555 2378 non
590 2349 652 2379 est
687 2340 728 2378 in
761 2348 976 2392 potestate
1012 2352 1085 2378 sua
1120 2352 1141 2377 a
1177 2338 1309 2378 beatis
1344 2338 1511 2378 auferre
1546 2337 1608 2376 vel
1642 2349 1788 2389 pecca-

471 2411 635 2449 toribus
670 2411 845 2460 donare,
881 2409 980 2463 quia
1014 2418 1114 2448 tunc
1151 2407 1399 2448 bonificaret
1424 2421 1510 2459 eos,
1536 2408 1652 2460 quod
1679 2406 1847 2447 foret30

472 2481 800 2520 deliramentum
833 2492 1034 2519 asserere.

530 2551 651 2601 Item,
686 2550 887 2589 omnibus
913 2549 1046 2588 beatis
1071 2547 1304 2588 diffinitum
1329 2559 1390 2588 est
1414 2563 1435 2588 a
1460 2549 1552 2588 Deo
1574 2548 1827 2602 premium2
1881 2557 1893 2567 ·

474 2620 749 2661 beatitudinis
796 2619 1181 2671 correspondentes
1226 2619 1278 2657 ad
1324 2619 1470 2659 omnia
1516 2618 1665 2658 merita
1699 2631 1788 2671 sua,

525 2778 543 2797 ι.
577 2771 605 2797 Α
637 2770 680 2803 (ut
704 2769 853 2804 saepius):
886 2768 1071 2803 pravilegiis.
1234 2767 1258 2795 5.
1285 2769 1314 2795 A
1334 2768 1392 2801 Al:
1423 2767 1557 2794 sciencia
1597 2766 1791 2794 doctoribus.

471 2825 498 2851 7.
519 2817 546 2844 A
568 2817 596 2843 in
620 2823 735 2849 marg.:
758 2816 937 2843 Secundum
960 2815 1142 2850 principale.
1270 2822 1301 2841 ιι,
1326 2814 1354 2841 Α
1375 2814 1404 2840 in
1427 2821 1543 2847 marga
1571 2812 1629 2840 Hic
1649 2813 1792 2847 arguitur

471 2867 580 2890 contra
603 2863 687 2889 licias
709 2867 736 2889 et
758 2862 854 2889 falsas
874 2861 1099 2895 indulgenc1as.
1212 2868 1247 2887 12.
1282 2860 1320 2886 B:
1344 2860 1539 2887 transierant.
1626 2859 1667 2887 18.
1689 2859 1729 2887 B:
1753 2859 1790 2886 ad

472 2910 706 2936 ordinacionem
731 2925 758 2928 -
783 2914 907 2943 propter
938 2909 1032 2935 deest.
1178 2909 1219 2935 5¹2.
1250 2908 1278 2934 Α
1305 2908 1363 2941 A,:
1395 2907 1571 2934 districtum
1601 2911 1647 2933 est
1678 2914 1694 2933 a
1715 2905 1790 2933 Deo.
