2045 3312
106 268 186 309 382
791 279 1015 312 JOHANNJS
1041 279 1237 312 WYCLIF.
1505 264 1614 323 [cam.
1635 274 1716 303 xvi.

395 384 629 438 specialiter
672 385 704 425 si
750 399 975 439 peccamus
1024 384 1203 424 subdole
1252 383 1522 438 pretermisso
1569 383 1866 427 ordine182ns

394 455 677 508 correpcionis
711 454 949 508 evangelice
982 454 1232 494 inconsultis
1266 453 1488 508 episcopis,
1537 463 1583 494 ut
1615 461 1718 507 aput

394 525 694 566 nominetenus
747 539 903 579 papam
956 534 994 565 et
1047 524 1291 576 cardinales,
1354 523 1547 564 inimicos
1598 523 1716 576 regni

396 595 527 636 nostri
560 596 800 649 precipu08,
832 596 942 649 leges
976 595 1089 649 regni
1124 594 1253 634 nostri
1294 603 1333 634 et
1370 593 1568 647 regaliam
1611 593 1717 647 regis

395 675 615 719 tamquam
648 665 870 705 hereticam
906 666 1286 718 condempnamus.
1341 664 1418 704 Iste
1462 663 1574 704 enim
1605 664 1750 707 vide-5

397 745 508 775 retur
531 745 804 789 contemptus
839 735 1036 788 notabilis
1061 734 1270 774 indiscreti
1295 733 1480 774 doctoris
1503 746 1602 773 cum
1634 732 1718 772 suis

397 806 690 859 complicibus.

150 884 332 919 objectioni:
456 876 619 916 Octavo
654 885 693 916 et
738 876 891 915 ultimo
926 875 1113 929 arguitur
1151 889 1224 929 per
1266 875 1349 914 hoc
1394 875 1511 929 quod
1551 874 1762 918 cuilibet'r

105 920 380 990 Sali‘texierississkialo
396 946 575 985 domino
619 946 841 999 temporali
889 959 974 984 non
1009 946 1151 986 solum
1184 955 1245 985 est
1282 945 1445 984 licitum
1477 946 1549 984 sed
1595 945 1716 984 meri-

115 994 370 1073 Ειιιῐιῐῆ,1ῗιῖιῖᾞιΐέ
396 1016 554 1056 toi-ium
595 1031 730 1056 emere
764 1016 1038 1056 hereditatem
1074 1026 1113 1056 et
1157 1016 1270 1055 bona
1303 1025 1441 1055 eterna
1474 1030 1550 1068 pro
1595 1015 1717 1055 bonis
1738 1037 1775 1058 ιο

104 1069 378 1123 ιῗῖἶεοῖἦοιῇεἲὲςιῗ
395 1087 713 1139 temporalibus,
759 1096 798 1126 et
843 1100 940 1126 cum
989 1086 1123 1126 maius
1170 1087 1330 1125 bonum
1379 1086 1611 1139 temporale
1668 1085 1719 1125 sit

184 1131 300 1158 cavea.
397 1156 564 1209 dignius
597 1156 732 1196 maius
765 1157 881 1196 bono
915 1156 1133 1210 spirituali,
1166 1156 1354 1210 sequitur
1386 1157 1504 1210 quod
1536 1155 1719 1208 amplius

398 1236 436 1266 et
469 1226 633 1266 diucius
666 1227 817 1267 dotans
851 1226 1068 1267 ecclesiam
1115 1227 1319 1267 intensius
1364 1236 1546 1267 meretur
1590 1226 1718 1266 beati-

397 1297 602 1337 tudinem.

169 1378 319 1405 Answer:
457 1368 523 1406 Ad
558 1367 669 1407 istud
702 1377 1005 1421 argumentum
1038 1368 1120 1407 dixi
1154 1368 1347 1422 superius
1381 1369 1499 1422 quod
1545 1367 1720 1421 quilibet
1741 1377 1776 1409 15

118 1411 186 1440 The
207 1414 271 1440 rich
294 1421 364 1440 man

105 1448 215 1510 ῗέἒοὲῖἑῇ
237 1448 383 1510 ςᾎςξςιιῐῑέ
400 1437 513 1476 dives
547 1438 673 1477 seculi
707 1447 873 1479 tenetur
905 1439 982 1478 sub
1016 1453 1124 1492 pena
1157 1439 1315 1491 peccati
1348 1439 1537 1478 mortalis
1584 1451 1719 1477 emere

106 1518 210 1545 obtain
242 1519 382 1567 blesscd—
398 1507 475 1546 sibi
510 1508 813 1548 beatitudinem
846 1523 919 1563 per
951 1523 1047 1549 suas
1080 1509 1264 1561 divicias,
1298 1523 1385 1548 non
1410 1509 1527 1562 quod
1552 1508 1720 1548 cuilibet

200 1561 288 1587 nem
398 1578 677 1618 beatificando
711 1579 763 1620 sit
795 1580 984 1633 precium
1016 1579 1121 1619 illud
1160 1579 1441 1620 necessarium
1486 1580 1557 1619 sed
1602 1579 1719 1632 quod

397 1648 555 1689 habens
589 1659 793 1689 terrenam
828 1659 1081 1703 potestatem
1116 1659 1240 1703 atque
1274 1649 1444 1689 divicias
1482 1659 1624 1689 utatur
1661 1649 1719 1689 eis

396 1720 448 1759 ad
480 1719 701 1760 utilitatem
737 1720 921 1772 ecclesie,
954 1729 993 1760 et
1025 1720 1081 1760 sic
1115 1720 1301 1773 episcopi
1335 1730 1374 1760 et
1405 1719 1585 1774 religiosi
1618 1734 1716 1773 pos-
1736 1739 1777 1761 20

397 1789 619 1830 sessionati
652 1800 848 1831 tenentur
879 1791 1076 1844 precipue
1110 1804 1246 1830 emere
1290 1790 1368 1830 sibi
1416 1790 1719 1830 beatitudinem

397 1873 470 1913 per
508 1860 874 1914 dispensacionem
926 1861 1176 1914 prudentem
1230 1860 1559 1900 elemosinarum
1617 1861 1718 1899 dan—

398 1931 546 1970 darum
571 1931 841 1984 pauperibus.
867 1932 1200 1984 Verumptamen
1225 1945 1313 1970 non
1339 1940 1510 1984 oportet
1531 1939 1577 1970 ut
1593 1931 1719 1970 altera

126 2008 179 2035 but
201 2008 260 2035 this
283 2009 357 2036 does
397 2015 490 2054 pars
524 2001 692 2041 ecclesie
725 2002 877 2042 vendat
908 2002 973 2041 vel
1006 2011 1116 2041 emat
1160 2014 1338 2054 regnum
1384 2001 1488 2040 illud
1534 2000 1717 2048 civiliter,

107 2047 380 2114 '‘zoitsrpgafflvigisstp
397 2085 472 2111 nec
504 2072 621 2125 quod
655 2072 856 2112 dominus
889 2072 1085 2112 secularis
1118 2072 1187 2112 det
1218 2071 1565 2111 dominacionem
1599 2084 1716 2110 suam
1737 2078 1776 2111 25

108 2113 155 2140 ,ηδ
172 2113 316 2184 Ἓῐῡιῑῗ)ἰ·υ
332 2115 382 2142 me
399 2141 570 2193 clericis,
593 2143 664 2182 sed
688 2143 806 2197 quod
829 2153 971 2183 caveat
1002 2152 1048 2182 ut
1081 2141 1201 2182 faciat
1225 2141 1503 2181 elemosinam
1525 2155 1645 2181 suam
1677 2141 1718 2180 in

398 2212 647 2252 abscondito
679 2226 776 2253 cum
802 2213 1038 2253 nesciencia
1062 2226 1219 2252 manus
1246 2212 1419 2253 sinistre
1452 2210 1552 2265 quid
1573 2210 1721 2264 faciat

398 2280 593 2331 dextera,
638 2296 724 2322 non
770 2282 1112 2336 dampnificando
1159 2283 1406 2336 proximum
1450 2282 1590 2321 dando
1642 2281 1718 2321 sibi

399 2351 670 2392 occasionem
698 2353 959 2408 relinquendi
984 2352 1294 2407 perfeccionem
1326 2366 1447 2393 suam
1470 2351 1718 2405 primevam,

398 2436 473 2462 nec
513 2432 558 2462 ut
604 2437 810 2463 onerosus
843 2423 975 2463 factus
1014 2422 1190 2464 subditis
1236 2422 1389 2463 iniuste
1435 2421 1618 2462 detineat
1661 2422 1718 2462 eis
1735 2430 1777 2462 30

399 2492 602 2544 debitum,
636 2507 718 2547 que
751 2494 894 2533 omnia
927 2493 1035 2534 fiunt
1067 2493 1194 2533 hodie
1232 2493 1454 2533 occasione
1487 2491 1719 2532 dotacionis

397 2572 610 2616 perpetue.
644 2564 754 2603 Nam
786 2564 934 2604 exhinc
966 2564 1113 2618 prelati
1146 2564 1342 2604 dicuntur
1379 2561 1624 2616 sompniferi
1656 2562 1721 2602 vel

398 2632 544 2685 ignari,
561 2633 736 2674 subditis
761 2634 800 2673 in
826 2634 957 2688 equiS‚
982 2634 1138 2674 familia
1161 2644 1200 2674 et
1223 2633 1516 2674 exaccionibus
1539 2632 1717 2672 onerosi.

400 2703 523 2743 Unde
557 2717 642 2743 non
677 2713 737 2744 est
771 2705 1028 2744 credendum
1061 2705 1177 2758 quod
1201 2717 1313 2744 cesar
1341 2702 1722 2756 proporcionaliter

399 2775 449 2811 ad
485 2773 762 2826 quantitatem
796 2774 1008 2814 bonorum
1040 2788 1123 2828 que
1157 2773 1308 2814 dicitur
1355 2772 1517 2812 dedisse
1550 2771 1718 2812 ecclesie
1736 2781 1775 2814 35

453 2924 478 2946 N.
502 2923 526 2949 Λ
551 2923 579 2949 in
602 2931 717 2957 marga
739 2923 856 2950 Octava
879 2924 969 2950 racio.
1081 2922 1116 2950 15.
1138 2923 1166 2950 A
1187 2921 1216 2951 in
1233 2929 1348 2956 marg.:
1369 2921 1552 2956 Responsio.
1576 2921 1718 2948 notacio.
