2045 3312
306 251 395 280 CAP.
417 241 544 300 xxiii]
794 256 852 288 DE
880 255 1116 288 ECCLESIA.
1831 252 1908 305 575

145 371 179 404 P
203 360 546 413 206bimaginaria
566 374 648 400 non
681 362 935 412 colorabilis,
962 362 1040 400 nisi
1061 363 1175 401 Deus
1199 363 1437 414 specialiter
1453 365 1621 405 assistat
1637 373 1704 402 Our
1740 382 1826 403 cases
1858 383 1910 404 are

299 431 486 470 iuvando
532 431 645 470 iuxta
693 445 812 471 suam
860 433 1101 485 potenciam
1149 433 1405 484 absolutam,
1454 444 1493 474 et
1540 410 1908 484 sibifanseiiiilfobxiieau

298 500 407 540 foret
445 501 565 540 facile
599 502 698 541 dare
732 503 974 556 potenciam
1008 502 1073 541 vel
1107 502 1251 542 subito
1285 504 1348 542 vel
1383 505 1620 544 successive
1635 481 1911 578 ροκξνᾞὲἕέιριῗιιετε

1799 560 1828 587 y.

297 571 464 610 laxandi
514 580 687 624 peccata
739 572 804 612 vel
855 586 1008 625 penam
1060 572 1286 625 capacibus
1335 587 1413 626 pro
1467 575 1619 614 merito

264 641 450 684 5maiori
500 642 565 681 vel
603 642 781 695 minori3
832 656 907 682 nec
949 652 1011 682 est
1050 643 1188 682 viator
1229 644 1390 683 cercior
1435 644 1485 683 de
1532 659 1619 684 uno

300 724 430 764 quam
464 712 642 765 reliquo,
683 722 730 753 ut
763 713 796 752 si
830 713 945 753 Deus
980 722 1141 753 statuat
1175 714 1291 767 quod
1327 727 1400 767 per
1434 715 1618 768 primam

297 791 460 833 partem
495 784 868 836 proporcionalem
904 783 991 824 dati
1032 785 1171 824 meriti
1208 785 1450 824 remittatur
1484 786 1619 838 prima

203 860 281 893 2οὸο
295 863 392 902 pars
412 853 748 904 p1·oporcionalis
764 867 871 907 pene
891 854 988 893 date
1004 853 1027 877 ‘³‘
1044 855 1108 894 vel
1132 855 1307 907 peccati,
1328 865 1368 895 et
1384 868 1458 908 per
1473 870 1619 896 secun-

297 921 392 960 dam
422 923 622 975 secunda,
658 933 698 964 et
732 923 788 963 sic
822 923 1054 971 infinitum,
1080 934 1182 964 tunc
1215 939 1325 978 papa
1360 925 1517 966 faciens
1550 927 1618 966 isti

241 1000 280 1021 10
297 991 577 1032 conformiter
613 1006 661 1032 ex
697 994 877 1034 sciencia
913 1004 953 1034 et
986 1003 1198 1048 potestate
1232 996 1310 1034 sibi
1345 995 1441 1035 data
1475 1006 1619 1049 posset

295 1062 515 1102 absolvere
556 1076 857 1118 quemcunque
896 1075 1165 1118 peccatorem
1201 1080 1221 1104 a
1256 1079 1364 1118 pena
1406 1076 1445 1106 et
1480 1067 1616 1121 culpa,

296 1141 335 1171 et
369 1145 476 1185 eque
510 1135 790 1186 probabiliter
822 1145 967 1188 posset
1001 1149 1135 1175 unum
1171 1134 1271 1189 fingi
1305 1146 1351 1175 ut
1387 1137 1616 1190 reliquum,

297 1214 391 1241 cum
428 1203 506 1242 toti
541 1203 608 1243 isti
643 1205 819 1244 materie
855 1205 999 1245 deficit
1031 1206 1377 1245 fundamentum.

353 1272 472 1324 Item,
507 1273 675 1314 videtur
708 1275 824 1329 quod
859 1276 1039 1329 quilibet
1067 1276 1267 1316 sacerdos
1301 1286 1441 1330 potest
1476 1277 1613 1318 facere
1662 1287 1762 1323 Every
1783 1288 1879 1323 priest

238 1342 599 1395 15indulgencias‚
627 1359 723 1384 nam
749 1346 928 1398 quilibet
952 1347 1147 1386 sacerdos
1178 1348 1306 1387 habet
1328 1361 1472 1400 parem
1496 1358 1613 1401 pote·
1658 1323 1881 1393 Egivlgiidiaivff-

292 1421 445 1452 statem
477 1414 638 1454 ordinis
663 1429 759 1454 curn
785 1417 976 1469 quolibet
1001 1426 1040 1456 et
1064 1417 1157 1470 ipso
1182 1417 1385 1458 existente
1409 1418 1450 1457 in
1475 1419 1614 1471 gracia
1690 1393 1853 1428 dulgence.

292 1483 420 1523 habet
442 1493 699 1536 potestatem
724 1500 852 1539 super
875 1488 1125 1526 thesaurum
1150 1488 1336 1529 ecclesie.
1373 1489 1486 1541 Ergo
1518 1502 1614 1528 cum

291 1553 411 1592 aliter
449 1556 610 1607 populo
645 1556 774 1609 digno
816 1566 970 1610 preest,
1016 1557 1185 1597 videtur
1218 1558 1334 1610 quod
1370 1559 1458 1611 ipse
1493 1569 1533 1598 et
1567 1573 1614 1598 ex

291 1631 410 1675 parte
455 1625 518 1663 sui
568 1634 608 1665 et
647 1639 695 1665 ex
739 1627 946 1678 dignitate
985 1637 1125 1680 potest
1161 1628 1217 1667 eis
1252 1629 1441 1682 aliquam
1475 1629 1613 1669 indul-

234 1694 483 1744 20genciam
516 1695 737 1748 impertiri.
795 1698 904 1736 Nam
946 1697 1230 1750 quadraginta
1271 1699 1359 1738 dies
1399 1713 1508 1752 quos
1543 1700 1614 1739 dat

292 1764 517 1817 episcopus
544 1779 629 1805 non
653 1766 839 1806 limitant
874 1768 1099 1807 minimum
1124 1769 1303 1821 gradum
1329 1769 1612 1821 indulgencie,

292 1847 424 1887 quare
470 1848 570 1888 ergo
605 1849 688 1875 non
736 1846 883 1890 posset
928 1837 1102 1877 inferior
1143 1847 1314 1878 curatus
1355 1838 1456 1878 dare
1501 1853 1612 1879 unus

292 1903 442 1956 viginti
476 1905 563 1944 dies
609 1915 649 1945 et
682 1907 787 1946 alius
824 1907 971 1947 decem
995 1909 1060 1947 vel
1094 1909 1209 1948 varie
1233 1909 1468 1948 secundum
1495 1910 1611 1962 quod

295 1974 408 2013 Deus
442 1973 703 2015 decreverit?

249 2063 274 2087 a
349 2043 641 2085 Confirmatur
664 2047 804 2099 primo
830 2060 877 2086 ex
900 2047 980 2088 hoc
1005 2049 1120 2101 quod
1146 2057 1243 2088 ante
1271 2049 1609 2101 publicacionem
1650 2058 1813 2122 {grrenfflg
1829 2060 1885 2122 :ihi

290 2113 416 2153 huius
450 2116 627 2155 materie
662 2117 906 2157 habuerunt
940 2119 1212 2157 ecclesiastici
1260 2128 1516 2171 potestatem
1566 2102 1718 2168 utclairii
1751 2129 1812 2157 this
1851 2104 1897 2157 gx-

289 2184 434 2234 modo,
460 2186 530 2224 sed
559 2196 659 2226 tunc
684 2201 768 2227 non
794 2188 872 2228 fuit
896 2189 1024 2241 racio,
1050 2203 1181 2242 quare
1217 2203 1325 2242 papa
1360 2199 1501 2242 potest
1535 2203 1611 2242 pro
1626 2171 1744 2191 oefflve
1784 2173 1902 2198 powcr.

289 2252 503 2294 infinitum
530 2269 685 2309 magno
714 2267 906 2310 tempore
933 2259 1174 2311 indulgere3
1199 2260 1445 2312 quicunque
1469 2268 1612 2299 autem

290 2323 513 2377 episcopus
560 2340 636 2378 pro
683 2341 794 2366 anno
842 2329 904 2367 vel
942 2329 1227 2381 quadraginta
1261 2329 1412 2369 diebus
1447 2338 1487 2369 et
1525 2344 1610 2369 non

231 2404 273 2436 30
290 2392 430 2445 aliter3
466 2408 566 2448 ergo
599 2410 674 2435 nec
709 2398 839 2436 modo
873 2399 1019 2438 subest
1044 2399 1156 2438 racio
1181 2400 1322 2452 quoad
1348 2400 1502 2451 Deum,
1535 2413 1610 2439 nec

289 2471 429 2514 potest
462 2463 630 2504 fundari
664 2467 775 2506 racio
810 2468 936 2507 huius
961 2469 1209 2508 variacionis
1235 2483 1309 2508 nec
1333 2479 1395 2509 est
1429 2470 1611 2509 vicarius

290 2533 402 2572 Petri
437 2534 555 2574 istius
578 2538 801 2588 potestatis
832 2547 879 2577 ut
907 2539 1161 2589 generaliter
1193 2540 1247 2579 sit
1272 2540 1424 2592 dignus
1451 2540 1608 2579 dicere:

389 2602 457 2642 Sic
487 2606 594 2652 volo,
629 2606 687 2645 sic
720 2607 862 2657 iube0‚·
893 2608 944 2647 sit
969 2622 1055 2661 pro
1088 2609 1260 2649 racione
1294 2610 1505 2649 voluntas.

344 2746 383 2765 lo.
406 2738 444 2765 B:
466 2745 604 2775 possent.
761 2740 804 2769 33.
827 2742 848 2769 B
870 2742 900 2770 in
922 2751 1041 2778 marg.:
1063 2744 1192 2772 Versus.
1348 2744 1391 2773 33.
1413 2745 1518 2773 Recte:
1542 2746 1608 2773 Hoc

288 2785 369 2821 volo,
391 2786 436 2812 sic
455 2786 557 2814 iubeo.

349 2892 401 2934 34.
429 2892 584 2926 Iuvenal.
613 2896 683 2926 Sat.
712 2896 769 2936 Vl,
797 2897 874 2929 223.
