2045 3312
219 237 308 267 CAP.
324 227 380 288 ν]
710 242 771 273 DE
798 242 1034 274 ECCLESIA.

59 361 88 394 S
114 362 191 401 144⁸
206 347 467 400 christianus,
502 347 573 386 sed
604 347 692 399 ipse
727 346 919 387 Christus
952 361 974 385 a
1019 360 1105 399 quo
1151 346 1302 385 dicitur
1350 346 1525 400 quilibet

205 416 467 468 christianus,
507 424 546 456 et
585 430 659 469 per
698 429 975 469 consequens,
1024 430 1100 456 nec
1145 424 1205 456 est
1249 417 1299 455 de
1346 429 1524 455 numero

204 487 501 526 salvandorum
533 499 608 525 nec
641 495 767 539 caput
789 499 865 525 nec
897 485 1038 539 aliqua
1070 500 1165 539 pars
1188 485 1356 526 ecclesie
1380 486 1522 525 catho-

202 556 291 597 lice.
316 557 426 596 Nam
447 571 469 595 a
493 555 659 596 Christo
683 564 730 596 ut
747 555 880 608 capite
903 555 1232 596 denominantur
1254 554 1396 595 fideles
1420 556 1523 596 servi

174 626 361 667 5Christi
394 625 603 666 christiani
638 624 703 681 (ut
734 634 848 678 patet
879 628 971 666 Act.
1005 623 1095 678 XIO,
1142 624 1228 681 26).
1274 626 1387 680 Ergo
1420 626 1527 667 sicut

204 697 424 736 Romanus
459 710 546 736 non
580 705 641 736 est
672 697 811 736 Roma
859 709 935 736 nec
971 696 1182 736 israhelita
1225 696 1314 750 ipse
1360 696 1525 748 Israhel,

203 775 243 807 et
264 766 454 819 breviter,
478 767 593 807 nulla
608 766 827 820 generacio
843 766 1006 820 passiva
1029 776 1090 807 est
1106 766 1248 820 ipsum
1269 766 1525 820 principium

203 850 416 891 generans,
449 837 506 877 sic
529 837 670 878 nullus
695 837 946 877 christianus
969 846 1030 878 est
1053 837 1244 878 Christus
1261 838 1333 877 sed
1356 836 1524 888 Christi,

204 915 243 947 et
280 907 433 961 periret
471 906 573 947 fides
621 907 823 961 scripture
872 908 921 947 de
967 907 1101 961 capite
1145 916 1185 948 et
1228 908 1278 947 de
1325 907 1525 948 membris

149 991 188 1012 10
204 978 398 1030 ecclesie;
432 987 472 1019 et
494 978 632 1018 multo
655 977 897 1018 evidencius
919 978 1107 1032 sequitur
1128 979 1245 1032 quod
1268 979 1387 1019 beata
1408 978 1525 1032 virgo

203 1062 290 1088 non
324 1047 402 1088 fuit
436 1049 677 1088 membrum
700 1048 810 1088 illius
835 1049 1019 1101 ecclesie,
1043 1048 1142 1102 quia
1159 1049 1201 1088 in
1226 1057 1370 1088 sancto
1386 1049 1526 1089 triduo

201 1133 289 1159 nou
321 1118 399 1158 fuit
420 1118 489 1158 illa
522 1118 694 1159 ecclesia
715 1132 791 1158 nec
817 1118 896 1159 fuit
917 1119 1125 1172 posterius
1149 1118 1227 1158 sibi
1246 1119 1524 1172 incorporata.

161 1189 352 1235 3Tercio
398 1190 587 1244 sequitur
630 1190 749 1244 quod
794 1189 910 1229 nulla
960 1189 1013 1229 sit
1054 1189 1145 1229 talis
1199 1190 1382 1241 ecclesia,
1430 1189 1527 1243 quia

149 1272 184 1304 15
203 1259 319 1300 nulla
341 1260 570 1300 multitudo
594 1260 791 1300 omnium
813 1259 1138 1299 christianorum
1153 1259 1278 1299 habet
1293 1273 1341 1299 ex
1363 1259 1526 1312 integro

204 1330 381 1370 eandem
414 1339 573 1370 rectam
604 1330 747 1382 fidem,
780 1339 873 1370 tum
898 1330 996 1383 quia
1019 1330 1224 1370 defective
1258 1339 1297 1370 et
1331 1339 1527 1383 corrupte

200 1400 328 1440 habet
358 1401 591 1441 multitudo
625 1400 822 1441 omnium
846 1400 1172 1440 christianorum
1205 1399 1334 1440 fidem
1358 1400 1527 1452 Christi,

201 1478 293 1510 tum
327 1471 459 1511 eciam
490 1471 588 1524 quia
608 1471 769 1511 nullam
801 1484 932 1511 unam
964 1470 1093 1510 fidem
1124 1470 1281 1511 habent
1298 1485 1446 1511 omnes
1469 1471 1528 1510 illi

202 1540 413 1580 christiani
445 1555 521 1581 nec
553 1555 630 1594 pro
662 1541 798 1595 specie
821 1555 896 1581 nec
928 1554 1006 1594 pro
1039 1550 1276 1595 aggregato.
1312 1542 1397 1581 Nec
1420 1542 1529 1581 valet

146 1623 187 1645 20
202 1609 282 1650 hoc
329 1610 567 1664 sophisma:
621 1611 691 1652 Isti
731 1611 886 1651 habent
917 1610 1059 1663 fidem,
1094 1612 1165 1651 sed
1200 1611 1361 1651 nullam
1401 1611 1528 1651 fidem

201 1681 369 1722 habent.
393 1683 479 1721 Nec
501 1682 611 1722 valet
633 1681 790 1736 fingere
814 1681 943 1722 fidem
976 1696 1057 1736 que
1081 1682 1275 1734 creditur,
1310 1682 1409 1736 quia
1432 1682 1529 1721 talia

202 1760 407 1806 negantur
425 1766 446 1792 a
464 1751 519 1791 sic
543 1752 818 1804 describente,
852 1761 892 1792 et
909 1752 989 1791 illis
1022 1752 1170 1805 positis
1194 1752 1351 1792 inculte
1383 1765 1527 1805 aggre-

201 1831 354 1876 gantur
384 1822 427 1861 in
460 1821 746 1876 descripcione
769 1832 857 1862 tam
880 1823 999 1863 anxie
1024 1823 1246 1864 elaborata.
1272 1824 1383 1863 Nam
1405 1822 1527 1862 multi

204 1891 416 1931 christiani
439 1891 597 1932 habent
619 1891 748 1932 fidem
780 1893 902 1932 valde
935 1893 1117 1945 peccatis
1142 1893 1418 1947 obliquatam,
1442 1902 1526 1932 tam

147 1964 187 1998 25
203 1961 369 2015 presciti
402 1976 532 2016 quam
554 1963 840 2016 predestinati,
866 1972 905 2002 et
927 1963 1049 2002 multi
1073 1963 1317 2016 simpliciter
1339 1961 1528 2003 infideles

203 2031 358 2071 habent
389 2031 519 2071 fidem
551 2033 752 2073 creditam
784 2033 904 2073 valde
936 2042 1106 2073 rectam.

106 2103 135 2136 Τ
161 2104 188 2136 4
261 2103 425 2151 Quarto
444 2103 633 2157 sequitur
648 2104 765 2157 quod
781 2117 857 2143 nec
873 2103 1056 2156 apostoli
1072 2117 1147 2143 nec
1163 2103 1230 2143 alii
1246 2103 1388 2143 fideles
1411 2113 1528 2144 erant

203 2172 253 2211 de
269 2172 452 2225 ecclesia,
479 2182 710 2228 antequam
732 2173 836 2214 fides
861 2173 939 2214 fuit
961 2188 1034 2227 per
1049 2173 1267 2214 Christum
1292 2183 1332 2214 et
1354 2183 1525 2228 aposto-

201 2241 265 2281 los
288 2242 500 2296 divulgata
530 2252 570 2283 et
601 2258 624 2284 a
656 2244 808 2284 sanctis
844 2243 1031 2297 patribus
1063 2244 1105 2282 in
1139 2244 1323 2284 consiliis
1356 2259 1526 2298 genera-

145 2311 310 2352 3olibus
333 2313 560 2366 declarata3
583 2315 700 2368 quod
723 2313 804 2354 fuit
826 2314 897 2354 diu
921 2323 1018 2367 post
1041 2315 1332 2354 ascensionem
1365 2314 1526 2354 domim

204 2389 243 2421 et
273 2390 457 2422 mortem
490 2384 798 2436 apostolorum.
845 2385 952 2424 Nam
989 2398 1115 2424 nemo
1150 2384 1228 2425 fuit
1261 2386 1310 2424 de
1357 2384 1528 2425 ecclesia

204 2452 420 2506 catholica,
439 2463 667 2508 antequam
690 2454 760 2494 illa
782 2454 872 2507 fuit,
892 2455 965 2494 sed
979 2454 1048 2494 illa
1072 2468 1158 2495 non
1184 2454 1275 2507 fuit,
1297 2463 1527 2509 antequam

205 2521 281 2562 fuit
311 2522 367 2563 ita
398 2525 515 2577 quod
546 2524 616 2564 illa
648 2533 728 2565 est:
763 2525 836 2565 sed
868 2539 966 2565 cum
998 2539 1086 2565 non
1117 2524 1195 2566 fuit
1226 2525 1283 2565 ita
1315 2525 1432 2579 quod
1461 2525 1531 2564 illa

257 2714 285 2742 9.
305 2707 403 2743 AA12
430 2707 531 2744 capite
551 2713 580 2736 et
608 2708 770 2736 memb-ris.
933 2716 974 2736 10.
1003 2709 1032 2737 A
1054 2709 1113 2743 Al:
1147 2713 1176 2737 et
1205 2708 1303 2737 multo
1332 2725 1366 2729 —
1396 2708 1529 2736 ecclesie

206 2752 299 2781 deest.
441 2761 487 2782 20.
508 2754 547 2782 B:
570 2756 628 2782 hoc
649 2757 767 2783 solum:
789 2754 854 2783 Isti.
963 2763 1002 2784 21.
1025 2757 1128 2791 AA1:
1156 2756 1272 2791 fingere
1301 2763 1359 2791 que
1382 2756 1529 2784 creditur.

206 2807 249 2833 27.
269 2800 298 2828 A
325 2800 354 2828 in
385 2809 500 2836 marg:
540 2802 735 2838 Argumenta
774 2807 883 2830 contra
903 2803 1062 2838 quandam
1103 2803 1356 2838 descripcionem
1397 2803 1528 2831 ecclesie

207 2847 351 2875 continue
370 2848 460 2877 infra.
481 2848 569 2883 (This
590 2849 616 2877 is
638 2850 741 2877 below
762 2856 832 2884 144⁰
858 2849 985 2878 without
1008 2850 1094 2878 mark
1115 2849 1150 2878 of
1167 2850 1351 2884 reference.)
1425 2857 1473 2885 29.
1495 2850 1527 2877 In

207 2894 297 2921 codd.
320 2896 524 2931 plerumquez
547 2896 686 2924 consiliis
708 2904 763 2931 pro
785 2897 937 2925 conciliis.
966 2889 970 2891 ’

1404 2946 1425 2977 ὃ

1737 228 1811 266 113

1541 568 1575 587 so
1590 561 1653 588 that
1664 560 1701 587 he
1712 561 1816 588 would

1541 600 1595 623 not
1614 597 1651 623 be
1667 597 1717 623 the
1738 596 1815 623 head

1549 630 1583 658 of
1600 631 1649 658 the
1671 631 1805 659 Church.

1566 1195 1634 1223 The
1656 1203 1740 1223 mass
1762 1194 1797 1223 of

1595 1230 1767 1259 Christians

1572 1274 1666 1293 never
1686 1267 1781 1300 lteeps

1553 1301 1602 1329 the
1623 1301 1697 1329 faith
1718 1301 1800 1336 quite

1629 1336 1740 1363 whole.

1565 2115 1634 2144 The
1650 2117 1787 2151 apostles

1560 2152 1663 2179 would
1686 2152 1723 2178 be
1747 2155 1801 2178 out

1554 2187 1587 2214 of
1604 2187 1654 2213 the
1683 2186 1818 2220 Church‚

1570 2222 1643 2249 with
1665 2222 1701 2248 all
1724 2222 1795 2248 who

1573 2257 1654 2284 lived
1675 2256 1782 2283 before

1519 2314 1525 2320 .
1557 2292 1680 2327 general
1704 2291 1807 2319 Coun-

1543 2329 1599 2354 cus
1628 2326 1688 2354 had
1716 2326 1819 2353 decla-

1561 2362 1615 2389 red
1637 2361 1688 2388 the
1707 2361 1793 2388 faith.
