2045 3312
131 266 210 304 512
843 274 1068 307 JOHANNIS
1094 275 1289 307 WYCLIF.
1530 261 1636 320 [CAP.
1657 272 1740 300 xxi.

418 379 580 432 positos
613 380 997 433 proporcionaliter
1030 395 1129 420 cum
1153 395 1194 421 se
1218 380 1332 434 ipsis.
1367 380 1447 420 Sed
1471 394 1523 420 ne
1546 380 1737 420 subditus
1759 390 1836 435 198ss
1853 391 1892 425 R

127 459 197 484 who
224 458 289 484 ³¹⁵0
317 457 403 490 gives
420 449 581 490 diffidat
614 451 663 489 de
696 459 905 503 potestate
938 451 1001 491 sui
1035 451 1253 504 prepositi,
1295 464 1394 491 cum
1426 450 1466 489 in
1501 449 1739 490 cessacione

129 502 144 519 a
166 501 271 528 power
300 492 401 519 which

128 520 712 590 migffreqssigsseOscuiuscunque
757 520 886 561 officii
934 535 1044 561 unus
1091 530 1269 561 caracter
1313 520 1582 575 extinguitur,
1627 521 1740 560 Deus

154 597 376 660 tlisslssrcffijflifzd
421 590 534 630 dedit
581 600 830 630 caracterem
875 591 1150 644 superiorem,
1206 591 1277 644 qui
1331 600 1391 630 est
1442 591 1645 631 limitacio
1689 591 1742 630 ad

421 659 723 700 sufficienciam
773 661 857 701 dati
903 661 1064 714 generis
1114 661 1333 701 ministerii
1390 661 1643 711 indistincte,
1704 671 1776 705 et5

423 731 550 770 talem
604 740 861 771 caracterem
917 746 1000 771 non
1055 742 1198 785 potest
1252 732 1476 772 ordinatus
1531 733 1740 781 deserere,

420 802 627 855 quamdiu
667 813 812 842 manet
860 803 900 842 in
941 816 991 842 eo
1033 802 1231 856 potencia
1271 803 1323 842 ad
1373 803 1492 855 signa
1526 803 1742 842 sensibilia

424 871 771 913 ministrandum.
827 872 1041 926 Suspendi
1087 882 1231 912 tamen
1278 882 1420 927 potest
1465 887 1486 912 a
1532 873 1741 925 superiori

423 951 599 995 propter
644 956 818 982 causam
865 943 1186 996 racionabilem,
1243 956 1293 982 ne
1341 943 1563 983 ordinatus
1612 952 1742 997 ponat

422 1021 525 1051 tunc
559 1022 816 1053 caracterem
851 1013 893 1052 in
927 1013 1140 1053 effectum.
1764 1035 1803 1057 10

126 1087 408 1151 Tgligrxgssrtffifsyissf
480 1083 534 1123 Et
568 1083 601 1123 si
643 1094 849 1137 queratur
889 1084 1117 1123 necessitas
1151 1083 1338 1137 ponendi
1384 1092 1448 1123 tot
1493 1093 1743 1136 caractereS,

172 1158 369 1229 geccffljteudrein
424 1153 579 1193 dicitur
613 1155 729 1207 quod
763 1154 949 1194 admissa
982 1153 1301 1207 significacione
1336 1154 1439 1208 quid
1472 1155 1670 1206 nominis,
1705 1163 1744 1193 et

423 1224 646 1277 supposita
695 1225 973 1264 ordinacione
1019 1226 1161 1264 divina
1202 1226 1253 1264 de
1294 1226 1526 1265 dividendo
1568 1225 1744 1265 diversis

425 1293 673 1334 hominibus
709 1295 896 1335 diversas
931 1296 1094 1348 gracias
1120 1295 1251 1335 officii
1277 1296 1408 1348 gratis
1433 1297 1569 1347 datas,
1602 1294 1743 1348 sequi-

424 1374 494 1404 tur
518 1365 823 1406 inevitabiliter
847 1367 1037 1419 predicta
1063 1366 1285 1407 diversitas
1306 1376 1585 1408 caracterum.
1621 1366 1745 1406 Unde
1767 1375 1802 1407 15

424 1436 475 1474 ad
542 1435 812 1476 fundandum
875 1437 999 1476 istam
1054 1437 1315 1476 sentenciam
1376 1446 1548 1490 oportet
1607 1437 1746 1489 primo

423 1519 668 1560 supponere
702 1506 830 1546 fidem
864 1508 1074 1560 scripture
1115 1507 1152 1546 Ι3
1188 1507 1287 1548 Cor.
1311 1508 1425 1561 X110‚
1458 1517 1591 1561 4—7:
1625 1507 1746 1547 Divi—

422 1577 562 1616 siones
584 1577 837 1631 graciarum
870 1584 986 1626 sunt,
1019 1577 1127 1617 idem
1167 1585 1310 1618 autem
1345 1579 1544 1631 spiritus;
1575 1584 1614 1617 et
1645 1577 1746 1617 divi-

422 1648 562 1687 siones
609 1648 977 1688 ministracionuin
1022 1655 1137 1697 sunt,
1183 1648 1295 1688 idem
1342 1656 1484 1689 autem
1531 1648 1747 1697 dominus,

423 1724 463 1758 et
513 1718 737 1758 divisiones
777 1719 1080 1772 operacionum
1120 1726 1234 1769 sunt,
1279 1719 1385 1759 idem
1437 1726 1579 1758 autem
1626 1718 1747 1758 Dens
1764 1739 1807 1761 20

424 1789 496 1842 qui
538 1796 746 1842 operatur
777 1789 920 1828 omnia
968 1790 1009 1828 in
1055 1790 1264 1829 omnibus.
1324 1789 1561 1842 Unicuique
1606 1796 1747 1828 autem

424 1858 556 1898 datur
588 1859 887 1913 manifestacio
919 1860 1098 1912 spiritus
1131 1860 1190 1899 ad
1217 1860 1454 1900 utilitatem.
1492 1861 1543 1899 Et
1577 1869 1674 1913 post
1707 1859 1748 1898 in

426 1943 607 1982 corpore
655 1930 828 1970 ecclesie
878 1931 1061 1984 explicat
1107 1944 1263 1970 novem
1304 1931 1477 1983 gradus.
1532 1931 1618 1969 Nec
1651 1930 1749 1970 licet

427 1999 638 2052 denegare
680 2001 806 2039 talem
840 2001 1038 2040 ordinem
1072 2001 1348 2040 concedendo
1383 2013 1541 2053 corpus
1576 2000 1749 2039 ecclesie

426 2070 491 2109 vel
526 2071 615 2109 eius
649 2071 866 2111 ministros
900 2071 1137 2111 secundum
1172 2071 1263 2110 iura
1297 2071 1515 2110 canonica.
1766 2082 1806 2114 25

487 2140 613 2180 Unde
638 2141 825 2180 notanda
851 2150 911 2181 est
930 2142 1192 2181 trimembris
1217 2141 1370 2181 divisio
1395 2150 1535 2180 textus
1552 2140 1748 2194 apostoli.
1765 2153 1793 2185 S

427 2210 582 2264 Aliqua
640 2211 752 2250 enim
806 2211 936 2251 donat
982 2209 1095 2251 Deus
1142 2212 1441 2264 predestinatis
1497 2224 1579 2264 que
1627 2220 1750 2251 vocat

427 2281 589 2333 gracias
637 2294 657 2320 a
706 2281 857 2334 spiritu
911 2291 1058 2321 sancto
1104 2282 1241 2332 datas,
1295 2282 1395 2335 quia
1450 2281 1749 2333 predestinatis

426 2351 668 2390 timentibus
692 2350 832 2390 Deum
858 2352 1000 2391 onmia
1030 2359 1320 2405 cooperantur
1352 2352 1392 2390 in
1418 2352 1589 2391 bonum.
1626 2351 1750 2392 Unde

430 2422 529 2474 quia
576 2435 673 2461 cum
720 2422 810 2461 istis
853 2422 976 2461 donis
1018 2432 1101 2462 stat
1139 2422 1320 2462 mortale
1353 2423 1589 2462 secundum
1614 2420 1636 2444 a
1660 2435 1850 2476 pre-109⁸

428 2502 594 2531 sentem
635 2493 865 2544 iusticiam,
913 2493 1009 2532 ideo
1050 2503 1259 2533 vocantur
1304 2493 1443 2545 gracie
1483 2492 1612 2544 gratis
1653 2492 1749 2530 date

428 2576 474 2600 ex
501 2563 802 2602 benevolencia
827 2562 1001 2615 spiritus
1026 2563 1371 2615 predestinantis.
1403 2561 1748 2602 Ministraciones

431 2642 571 2671 autem
620 2643 719 2672 sunt
766 2633 804 2671 in
848 2633 1037 2685 qualibet
1071 2643 1264 2672 creatura
1307 2633 1505 2671 racionali
1542 2631 1749 2683 predesti-

482 2801 506 2826 Γ.
529 2792 566 2819 R:
596 2793 623 2819 in
647 2802 691 2819 ea.
837 2802 867 2820 ιι.
897 2795 922 2821 Α
947 2794 975 2820 in
998 2802 1114 2827 marg:
1142 2795 1285 2828 Questio.
1431 2800 1467 2819 12.
1492 2792 1529 2818 ss:
1559 2791 1750 2824 signacione.

490 2923 541 2955 21).
569 2913 671 2943 Rom.
702 2913 786 2952 Vm,
818 2912 869 2944 28.

2043 3298 2045 3302 .
2035 3246 2045 3274 aa
2027 3045 2045 3242 aha-w
2027 3019 2041 3030 ἰ
2025 2767 2045 3014 *m-
