2045 3312
251 243 341 272 CAP.
368 231 437 290 1v.]
767 247 827 278 DE
853 246 1091 279 ECCLEsIA.
1817 239 1869 292 89

98 365 133 398 P
156 367 234 407 140c
251 359 394 393 autem
432 353 532 404 vita,
585 351 655 391 ubi
690 364 786 391 vere
821 351 972 391 dicitur
1013 352 1130 406 quod
1175 353 1380 406 quamdiu
1427 367 1575 394 sumus

251 423 294 463 in
343 422 424 462 hoc
479 422 658 473 mundo,
709 435 797 462 non
854 420 1018 462 deficiet
1067 422 1188 462 nobis
1234 437 1341 476 ruga
1391 424 1576 466 venialis.

211 494 304 538 aEt
364 492 489 532 solvit
540 491 774 546 tripliciter:
837 492 977 546 primo
1036 493 1153 547 quod
1207 493 1379 533 ecclesia
1440 508 1573 548 quan·
1652 493 1807 521 AUSWCN

1590 535 1617 555 a.
1629 527 1696 555 The
1717 527 1841 556 Church

251 565 392 617 doque
434 562 545 617 large
589 562 797 615 sumitur,
852 572 897 602 ut
949 576 1130 616 granum
1174 572 1214 604 et
1254 564 1421 617 paleam
1459 578 1575 605 com-
1591 571 1868 627 tfflssffiffoesgiffggle

217 634 468 687 §plectatun
503 641 550 673 ut
580 631 624 671 in
656 632 843 685 allegatis
883 632 1094 687 capitulis,
1139 634 1398 688 quandoque
1440 635 1577 675 stricte
1605 632 1856 704 Cg}⁰{{‚¹[¹,dmg{{d

250 717 328 758 pro
360 716 470 756 puro
502 716 646 756 granO,
680 711 727 743 ut
748 703 936 755 XXXIIa,
960 717 1000 757 q.
1034 703 1123 744 IV:
1153 704 1385 753 Recurrat,
1420 705 1490 744 ubi
1523 705 1579 746 sic
1694 703 1763 731 effl-

252 773 443 814 scribitur
487 770 552 829 (ut
595 787 721 826 supra
752 773 904 829 tetigi):
936 771 1102 827 Itaque,
1136 774 1274 828 inquit
1296 775 1578 828 Augustinus,

251 845 340 885 sive
371 845 486 884 intus
499 844 672 884 versari
686 844 914 885 videantur
934 845 1026 886 sive
1040 852 1187 898 aperte
1200 845 1327 900 foris
1347 846 1449 896 sint,
1468 846 1581 900 quod

252 927 355 955 caro
388 921 569 955 estcaro
603 921 679 962 est,
713 914 828 968 quod
851 915 987 968 palea
1020 922 1083 956 est
1088 917 1222 970 palea
1245 923 1321 957 est.
1342 916 1579 970 Etsemper

198 1006 236 1028 ιο
251 985 303 1025 ab
330 985 448 1026 illius
475 985 651 1025 ecclesie
686 999 765 1039 que
788 987 879 1026 sine
902 987 1076 1026 macula
1100 994 1161 1028 est
1182 989 1250 1028 vel
1273 1001 1386 1042 ruga
1418 989 1581 1028 unitate

252 1056 436 1097 decisus.
483 1056 587 1097 Vult
619 1055 696 1096 iste
729 1066 898 1098 sanctus
932 1057 1067 1098 dicere
1101 1056 1168 1113 (ut
1199 1067 1314 1112 patet
1354 1073 1402 1098 ex
1441 1058 1579 1114 dictis)

251 1127 370 1180 quod
401 1126 662 1179 impossibile
696 1136 757 1167 est
789 1128 1021 1181 prescitum
1054 1142 1140 1169 esse
1163 1129 1407 1169 membrum
1439 1140 1580 1170 sancte

252 1196 396 1237 matris
430 1196 601 1237 ecclesie
634 1198 700 1237 vel
747 1198 1086 1251 predestinatum
1134 1213 1157 1240 a
1200 1200 1466 1240 maternitate
1510 1200 1580 1240 illa

252 1266 441 1320 deficere,
474 1268 869 1323 quomodocunque
909 1270 1145 1309 secundum
1184 1279 1425 1324 presentem
1461 1270 1579 1310 iusti-

210 1337 365 1380 bciuin
378 1337 602 1378 varientur.
627 1339 820 1379 Secunda
834 1339 1055 1393 responsio
1075 1340 1191 1393 glose
1224 1350 1285 1381 est
1317 1341 1434 1394 quod
1466 1340 1581 1380 aliud
1596 1333 1869 1397 bclsscici'ffiisnffii?

252 1417 312 1448 est
343 1422 448 1448 esse
481 1409 537 1448 de
571 1409 789 1449 ecclesia
811 1419 850 1450 et
881 1410 995 1450 aliud
1029 1425 1135 1451 esse
1183 1411 1232 1450 in
1265 1411 1501 1463 ecclesia,
1535 1403 1870 1451 utbeoftheChurch.

251 1488 366 1532 patet
416 1480 581 1532 XXHIa,
635 1494 674 1534 q.
724 1481 799 1522 IV:
861 1481 980 1522 Vasis
1036 1484 1100 1522 ire
1154 1491 1192 1522 et
1225 1496 1349 1536 supra
1388 1482 1578 1535 exposui.

217 1549 403 1591 eTercia
434 1550 653 1603 responsio
687 1550 908 1604 distinguit
940 1552 991 1592 de
1031 1552 1297 1606 quadruplici
1334 1552 1581 1592 habitudine

252 1620 404 1660 viantis
437 1621 488 1660 ad
521 1630 710 1661 sanctam
742 1631 924 1662 matrem
956 1622 1189 1666 ecclesiam,
1216 1623 1404 1672 Quidam
1437 1633 1580 1664 autem
1603 1625 1872 1689 Cehffifgffliggffefo

196 1708 238 1730 20
255 1699 353 1731 sunt
384 1691 426 1729 in
460 1690 632 1732 ecclesia
662 1691 837 1732 nomine
871 1701 910 1733 et
941 1706 983 1732 re
1016 1702 1063 1733 ut
1095 1693 1339 1734 obedientes
1372 1694 1579 1747 catholici,
1628 1697 1679 1724 1¹10
1701 1696 1838 1725 Church.

263 1761 439 1816 quidam
470 1775 546 1802 nec
577 1775 619 1801 re
643 1776 719 1802 nec
742 1762 916 1803 nomine
950 1772 996 1803 ut
1018 1764 1184 1817 pagani,
1210 1764 1385 1818 quidam
1406 1765 1581 1805 nomine

257 1842 426 1873 tanturn
459 1842 505 1872 ut
537 1832 703 1886 presciti
736 1834 940 1887 ypocrite,
975 1843 1014 1874 et
1047 1834 1225 1888 quidam
1256 1849 1299 1874 re
1336 1835 1432 1875 licet
1464 1835 1579 1875 vide-

254 1912 378 1943 antur
410 1902 584 1942 nomine
618 1916 705 1942 esse
738 1902 838 1942 foris
871 1912 917 1943 ut
950 1904 1234 1957 predestinati,
1274 1919 1382 1959 quos
1416 1915 1579 1959 satrape

252 1973 448 2012 videntur
485 1972 528 2011 in
573 1972 675 2012 facie
715 1973 885 2013 ecclesie
925 1975 1250 2028 condempnare.
1291 1976 1399 2016 Ecce
1438 1977 1578 2016 decre-

197 2049 237 2082 25
254 2053 398 2083 torum
442 2043 669 2083 concordia
711 2044 920 2084 sentencie
959 2045 1209 2098 supradicte.
1251 2047 1373 2087 Unde
1412 2046 1578 2087 videtur

255 2113 379 2153 nimis
413 2113 659 2167 blasphema
694 2114 848 2154 heresis
888 2129 1044 2168 papam
1081 2116 1147 2156 vel
1185 2117 1414 2170 collegium
1453 2131 1579 2157 suum

257 2185 421 2224 credere
467 2184 582 2238 quod
628 2184 672 2223 in
716 2193 926 2238 quantum
972 2186 1184 2239 eliguntur
1228 2187 1271 2226 in
1314 2187 1387 2226 illo
1433 2187 1573 2227 officio

254 2264 397 2295 tenent
430 2255 661 2309 primatum
694 2254 829 2295 tocius
864 2256 1047 2296 ecclesie.
1095 2256 1275 2309 Oportet
1316 2257 1430 2297 enirn
1461 2260 1578 2311 quod

253 2325 335 2365 sint
378 2325 451 2365 filii
498 2325 756 2366 imitacionis
795 2326 837 2365 in
881 2326 1072 2367 moribus
1124 2337 1350 2380 parentum
1393 2342 1579 2381 quorum

303 2474 327 2503 3.
341 2476 370 2502 A
390 2475 420 2502 in
442 2483 555 2510 marg:
578 2474 707 2510 Triplex
727 2475 859 2503 solucio.
957 2476 982 2504 5.
1004 2476 1025 2503 Β
1048 2476 1078 2504 in
1099 2485 1213 2511 marg:
1238 2477 1298 2505 sint
1319 2480 1403 2513 quod
1424 2486 1495 2506 caro
1519 2484 1574 2514 cst,

251 2523 333 2558 quod
355 2522 442 2557 palea
462 2527 516 2549 est.
591 2530 632 2555 14.
655 2523 683 2550 A
703 2522 733 2549 in
754 2530 868 2557 marg.:
890 2522 1029 2550 Ecclesia
1049 2523 1164 2551 Christi
1186 2532 1313 2559 sponsa.
1335 2524 1424 2552 Nota.
1484 2525 1524 2552 16.
1548 2526 1576 2552 A

250 2570 280 2596 in
302 2577 416 2604 marg:
437 2569 482 2597 De
503 2569 634 2597 ecclesia
654 2578 732 2605 esse,
754 2569 785 2596 in
807 2570 938 2597 ecclesia
959 2578 1037 2605 esse,
1060 2570 1133 2605 quid
1155 2575 1210 2598 est.
1357 2580 1398 2607 17.
1418 2573 1462 2599 A:
1486 2571 1576 2599 Vasis

251 2615 342 2644 enim.
412 2623 458 2642 20.
481 2615 520 2642 B:
542 2622 571 2643 et
589 2632 623 2636 —
642 2616 769 2643 nomine
790 2616 884 2643 deest,
948 2615 995 2645 26.
1017 2618 1045 2645 A
1066 2617 1096 2644 in
1118 2626 1231 2653 marg:
1254 2617 1434 2646 Conclusio.
1456 2618 1577 2645 Eleccio

252 2670 331 2697 pape
356 2662 404 2689 vel
443 2663 647 2691 cardinalium
682 2671 742 2691 non
771 2662 844 2691 fucit
871 2671 925 2691 eos
958 2664 1125 2700 primatum
1156 2670 1260 2692 tenere
1294 2665 1324 2693 in
1357 2665 1489 2693 ecclesia
1522 2665 1574 2692 sed

252 2708 388 2737 imitacio
414 2715 529 2737 sancta.

310 2827 341 2861 6.
368 2828 446 2861 ibid.
474 2830 610 2871 XXXII,
636 2840 671 2872 q.
696 2831 752 2871 IV,
780 2840 853 2873 cap.
882 2831 922 2862 ΙΙ.
1053 2843 1103 2874 17·
1130 2832 1228 2863 Decr.
1256 2842 1324 2865 sec.
1352 2843 1442 2875 pam,
1470 2843 1573 2865 causa

250 2887 367 2929 xxiii,
393 2898 426 2930 q.
456 2888 511 2928 iv,
539 2898 612 2930 cap.
639 2889 758 2920 min.
