2045 3312
285 289 376 318 CAP-
403 280 487 339 XV]
788 294 848 327 DE
875 294 1110 327 ECCLESIA.
1817 285 1893 324 355

125 399 381 452 V178bregis
427 408 466 438 et
504 399 592 438 iure
638 400 752 452 quod
796 399 1002 451 vendicat,
1049 413 1117 439 rex
1162 409 1201 438 et
1243 413 1423 451 regnum
1467 399 1897 449 forentrnepsffsbun

278 482 468 522 expresse
500 468 682 519 heretici,
717 477 756 508 et
788 468 845 508 sic
876 469 991 509 iuxta
1013 469 1123 522 leges
1157 469 1326 509 ecclesie
1354 469 1512 508 nedum
1535 483 1600 508 ex·
1632 446 1863 520 “iissssqslggciby

278 538 517 590 heredandi,
551 539 621 578 sed
644 553 667 578 a
688 547 778 578 toto
803 538 1110 578 christianismo
1133 538 1326 578 funditus
1349 538 1602 580 destruendi.
1644 515 1773 550 Enghsh
1793 516 1862 553 ,Μ’

277 609 386 648 Nam
417 609 497 648 hoc
537 618 598 648 est
629 608 905 648 hereticatum
951 618 998 648 ut
1043 608 1447 662 dampnatissimum
1490 609 1606 662 quod

245 678 405 732 §aliqui
454 677 613 718 domini
647 678 899 731 temporales
944 688 1122 732 possunt
1166 678 1326 719 auferre
1359 678 1605 732 temporalia

277 749 327 787 ab
373 748 543 788 ecclesia
586 747 868 802 delinquente.
922 749 1045 789 Unde
1091 748 1256 788 videtur
1296 750 1477 789 zelantes
1529 763 1605 802 pro

277 818 583 870 dampnacione
626 818 704 857 ista
748 818 961 858 intendere
1008 820 1125 872 quod
1172 832 1279 871 papa
1312 819 1433 858 debet
1480 833 1605 872 super

276 901 405 940 regno
440 897 584 928 nostro
629 888 896 941 imperatorie
937 889 1110 928 civiliter
1142 888 1350 928 dominari
1398 887 1463 943 (ut
1507 902 1603 942 sepe

243 958 421 1011 1tetigi),
454 959 590 1011 primo
631 959 728 1012 quia
771 968 1049 1012 procurarunt
1081 959 1197 1012 quod
1235 959 1477 998 inconsulto
1509 972 1603 1011 rege
1636 980 1656 999 ι.
1677 972 1707 1000 in
1729 973 1876 1014 ordering

221 1050 259 1070 10
274 1027 338 1067 vel
389 1042 466 1068 suo
519 1028 692 1068 consilio
736 1029 887 1069 virtute
945 1029 1155 1069 bullarum
1208 1029 1422 1083 papalium
1469 1008 1895 1083 legius111¹ghi<i³11sg²²5ts3iffi

274 1098 404 1137 homo
436 1099 543 1152 regis
576 1099 819 1153 ubicunque
852 1100 894 1138 in
926 1099 1080 1152 Anglia
1114 1113 1199 1139 non
1225 1099 1442 1139 convictus
1476 1112 1602 1152 super
1639 1079 1873 1142 ggscltviwcvgitgffugf

274 1168 473 1221 pravitate
495 1169 674 1209 heretica
697 1178 917 1210 arrestetur
939 1179 979 1210 et
1001 1169 1140 1223 papali
1158 1169 1305 1209 carceri
1321 1169 1600 1222 mancipetur,
1694 1148 1818 1185 herem

274 1248 313 1278 et
345 1236 411 1293 (ut
442 1239 605 1278 videtur
637 1238 932 1294 prudentibus)
967 1253 1052 1279 non
1075 1249 1217 1293 posset
1250 1253 1337 1279 esse
1361 1239 1601 1279 evidencius

274 1307 444 1360 signum
477 1309 665 1362 capitalis
698 1309 828 1349 civilis
862 1309 1041 1349 dominii
1085 1324 1195 1363 pape
1229 1323 1355 1363 super
1386 1309 1601 1363 Angliam.

234 1378 467 1422 2Secundo
499 1379 596 1433 quia
629 1379 874 1433 dampnavit
913 1394 961 1420 ex
996 1380 1299 1433 procuracione
1331 1380 1601 1433 quorundam
1635 1402 1658 1420 2.
1680 1394 1710 1421 in
1732 1395 1884 1434 assertjng

274 1449 345 1502 qui
402 1448 597 1489 videntur
659 1464 746 1490 esse
804 1451 855 1490 de
907 1450 1058 1490 nostris
1117 1450 1233 1504 quod
1292 1449 1431 1503 alique
1494 1459 1602 1490 carte
1618 1429 1893 1499 οὲὴὲιιᾶιὲἷῑὴειῖἷὲἷςς

273 1518 518 1559 humanitus
566 1519 790 1560 adinvente
829 1529 927 1560 sunt
959 1519 1255 1573 impossibiles,
1304 1529 1344 1559 et
1388 1533 1461 1573 per
1506 1534 1600 1559 con-

273 1602 452 1642 sequens
475 1589 740 1630 catholicavit
770 1590 1033 1644 oppositum,
1067 1599 1107 1630 et
1141 1604 1239 1630 cum
1270 1589 1532 1643 impossibile
1565 1600 1604 1630 et

273 1659 552 1699 necessarium
594 1660 785 1700 dicantur
817 1660 1161 1701 condicionaliter
1193 1669 1232 1700 et
1264 1660 1507 1713 simpliciter
1540 1659 1604 1714 (ut

216 1750 258 1772 20
274 1738 387 1782 patet
418 1730 565 1781 XXIII,
599 1744 637 1783 q.
673 1731 768 1782 Na,
803 1731 902 1771 Due
937 1732 1056 1785 sunt)
1090 1730 1369 1781 necessitates,
1415 1731 1604 1784 sequitur

274 1813 372 1839 curn
403 1799 509 1839 veris
542 1801 660 1852 quod
693 1800 959 1841 catholicavit
995 1814 1143 1840 omnes
1178 1809 1308 1841 cartas
1342 1800 1603 1854 cleriAnglie

274 1869 324 1908 de
382 1869 611 1909 elemosina
670 1880 884 1923 perpetua,
948 1880 987 1910 et
1053 1885 1126 1923 per
1191 1884 1454 1924 consequens
1517 1885 1603 1910 non

274 1938 378 1978 foret
423 1953 589 1979 necesse
646 1941 698 1979 ad
751 1954 892 1994 regem
937 1954 1146 1980 recurrere
1201 1955 1278 1993 pro
1323 1940 1603 1980 ratificacione

273 2018 480 2049 cartarum
498 2010 757 2062 huiusmodi,
783 2025 882 2051 cum
907 2011 990 2051 sint
1011 2025 1085 2064 per
1101 2011 1363 2064 superiorem
1378 2011 1602 2050 dominum

217 2088 257 2121 25
274 2080 434 2119 nedum
456 2079 702 2120 confirmate
735 2082 806 2121 sed
829 2081 1087 2123 catholicate.
1123 2082 1177 2120 Et
1209 2081 1338 2121 tercio
1365 2081 1597 2134 potissime,
1624 2093 1649 2121 3.
1672 2093 1770 2132 aboye
1791 2093 1827 2120 αι]
1850 2093 1879 2121 in

274 2149 372 2202 quia
412 2150 605 2190 vendicat
649 2151 765 2204 quod
809 2165 896 2191 non
940 2151 1062 2191 liceat
1105 2152 1188 2205 regi
1235 2151 1384 2204 punire
1441 2152 1598 2191 clerum
1630 2128 1873 2199 ῗιῗὲιῗῑιηηξῶιᾎῖῖ

272 2233 399 2259 suum
437 2219 595 2273 legium
640 2230 1022 2275 quantumcunque
1066 2221 1109 2260 in
1154 2235 1334 2274 regnum
1378 2221 1599 2275 deliquerit
1639 2200 1864 2272 ῃὲῗεξέῃᾞιὸἒηῗ

274 2303 348 2330 nec
412 2290 653 2331 subtrahere
725 2291 974 2331 elemosinas
1049 2291 1144 2331 cleri
1217 2301 1598 2345 quantumcunque
1621 2268 1887 2339 howelxsseerngenn-

185 2368 260 2412 178⁰
275 2361 575 2413 contempserit
618 2361 694 2401 nisi
729 2362 858 2414 petita
901 2363 951 2401 ab
999 2375 1047 2401 eo
1081 2361 1302 2401 licencia*
1326 2371 1365 2402 et
1411 2362 1598 2413 obtenta,

219 2439 260 2470 30
276 2439 314 2469 et
346 2444 443 2470 cum
475 2431 556 2470 hoc
601 2431 845 2471 nonhabet
885 2446 933 2471 ex
976 2432 1068 2484 lege
1114 2432 1269 2472 Christi
1315 2430 1442 2487 (sicut
1485 2440 1600 2484 patet

275 2498 507 2554 scrutanti),
530 2501 580 2540 ab
611 2501 809 2540 omnibus
833 2502 921 2541 eius
946 2500 1178 2541 fautoribus
1202 2501 1455 2555 relinquitur
1483 2502 1600 2555 quod

274 2569 355 2609 hoc
385 2569 511 2610 habet
543 2584 565 2609 a
597 2584 747 2612 cesare.

222 2649 262 2682 X
333 2640 455 2680 Unde
487 2640 638 2680 vellem
671 2641 788 2694 quod
834 2654 904 2680 rex
946 2640 1097 2680 faceret
1129 2641 1348 2694 diligenter
1390 2641 1545 2695 inquiri
1577 2655 1600 2680 a

245 2710 385 2751 lclero
429 2724 506 2750 suo
548 2710 658 2764 legio
703 2711 800 2750 istas
842 2719 1024 2764 quatuor
1071 2711 1332 2764 questiones:
1380 2712 1519 2765 primo
1567 2711 1599 2750 si

329 2833 354 2862 3.
384 2834 424 2861 B:
454 2835 639 2863 exhedandi.
784 2835 813 2863 6.
844 2836 873 2863 A
903 2836 933 2863 in
965 2843 1081 2871 marg:
1113 2836 1192 2864 Nota
1220 2836 1289 2864 tria.
1433 2836 1471 2864 15.
1492 2837 1521 2864 A
1541 2837 1598 2872 Al:

276 2881 348 2917 quia
363 2882 457 2909 deest.
583 2889 627 2917 27.
650 2882 688 2909 ss:
711 2881 907 2918 delinquerit.
1033 2882 1075 2911 33.
1096 2884 1125 2910 A
1140 2883 1160 2910 Β
1183 2883 1213 2911 in
1229 2891 1344 2918 marg:
1365 2882 1447 2911 Nota
1468 2888 1601 2919 quatuor

276 2933 467 2963 questiones.

1420 2979 1484 3010 23*
