2045 3312
285 230 374 258 CAP.
396 219 507 277 xxu]
798 233 858 265 DE
885 232 1120 265 ECCLESIA.

127 349 166 382 R
187 352 265 381 202c
281 347 442 390 quanto
476 339 711 378 ostendunt
744 339 837 378 illos
870 338 1044 377 affectos
1069 337 1119 375 ad
1146 336 1350 375 secularia
1382 335 1602 375 desideria.

240 408 334 452 bEt
367 409 508 461 quoad
544 409 706 448 dictum
733 407 1002 457 crisostomi,
1028 415 1144 461 patet
1168 407 1284 460 quod
1310 406 1398 458 ipse
1423 405 1604 444 intendit

282 479 405 518 istam
461 480 639 519 eandem
694 479 971 530 sentenciam,
1012 478 1126 517 unde
1172 477 1364 529 sequitur
1406 476 1444 513 in
1488 484 1603 514 textu

281 559 380 588 suo:
413 550 583 589 Pietatis
622 562 807 605 namque
845 548 1006 602 affectu
1049 553 1088 587 et
1124 546 1407 586 humanitatis
1449 545 1604 584 intuitu

249 627 473 662 5mortuos
519 621 672 673 lugere
728 632 810 659 non
861 618 1161 672 prohibemur,
1210 617 1319 656 sicut
1375 617 1606 656 nonnullos

281 697 531 731 sanctorum
566 691 753 730 aliorum
796 689 987 742 exequiis
1031 688 1217 741 legimus
1255 688 1357 740 pias
1400 687 1607 726 lacrimas

281 760 548 814 impendisse.
575 761 698 801 Unde
732 760 846 813 quod
884 759 977 812 quis
1012 759 1215 811 sepelitur
1244 759 1361 796 iuxta
1391 757 1604 796 martirem

1815 218 1894 270 543

1633 762 1760 789 Solcmu
1784 762 1882 789 buriaI

1633 798 1663 824 in
1686 798 1756 833 noly
1778 798 1883 832 places

281 831 320 870 in
369 831 542 869 ecclesia
577 830 641 868 vel
687 830 932 882 ubicunque
978 828 1272 881 solempniter,
1320 841 1431 866 nunc
1485 827 1607 866 obest
1645 841 1715 869 may
1735 834 1775 860 do
1796 833 1878 867 good

282 911 322 940 et
357 914 468 940 nunc
513 901 703 953 prodest,
750 902 821 939 sed
859 909 1024 940 tantum
1062 912 1135 952 per
1168 898 1364 937 accidens
1397 897 1532 948 obest,
1573 896 1604 936 si

227 972 553 1011 1oaccumulant
599 981 770 1024 peccata
819 971 1030 1023 originata
1076 983 1123 1008 ex
1168 978 1342 1008 mortuo
1377 967 1606 1007 decedente

282 1043 321 1081 in
358 1042 540 1082 mortali.
577 1042 769 1095 Prodest,
804 1042 837 1080 si
871 1041 924 1080 sit
957 1039 1124 1079 occasio
1165 1039 1415 1091 diligencius
1456 1037 1605 1076 orandi

281 1125 359 1165 pro
413 1122 587 1152 mortuo
641 1113 682 1152 in
738 1112 880 1164 gracia
934 1110 1180 1161 decedente,
1226 1109 1340 1148 unde
1386 1109 1604 1148 decretum

282 1183 372 1238 (ubi
413 1180 560 1237 supra)
601 1183 680 1222 sub
725 1182 981 1222 auctoritate
1015 1190 1265 1220 sanctorum
1300 1179 1530 1231 Augustini
1566 1188 1604 1218 et

283 1253 476 1305 Gregorii
524 1254 581 1292 sic
627 1253 838 1306 loquitur:
887 1251 1051 1300 Quibus
1087 1257 1266 1304 peccata
1300 1249 1475 1289 dimissa
1522 1262 1604 1288 non

230 1329 263 1361 15
279 1330 394 1373 sunt,
416 1337 442 1363 a
474 1323 611 1364 sacris
636 1323 736 1362 locis
761 1329 863 1376 post
884 1328 1062 1361 mortem
1086 1321 1287 1361 adiuvari
1310 1333 1391 1359 non
1408 1326 1605 1373 possunt,

280 1395 379 1448 quia
423 1407 526 1447 quos
567 1400 745 1445 peccata
778 1393 985 1446 graviora
1019 1391 1277 1444 deprimunt,
1316 1391 1354 1430 si
1391 1391 1432 1429 in
1465 1390 1605 1429 sacris

281 1465 383 1504 locis
411 1465 583 1516 sepeliri
603 1477 649 1503 se
665 1464 860 1517 faciunt,
884 1469 1017 1502 restat
1040 1468 1085 1501 ut
1107 1461 1156 1501 de
1177 1475 1259 1501 sna
1276 1460 1607 1514 presumpcione

280 1535 537 1585 iudicentur,
581 1536 680 1588 quia
726 1547 796 1573 eos
840 1546 967 1573 sacra
1018 1533 1112 1572 loca
1159 1545 1241 1571 non
1290 1531 1488 1580 liberant,
1533 1530 1608 1570 secl

279 1606 406 1658 culpa
439 1604 686 1644 temeritatis
719 1610 907 1644 accusat.

237 1680 266 1713 S
341 1676 393 1715 Et
439 1675 582 1729 quoad
631 1675 869 1714 secundum
918 1682 1082 1726 partem
1137 1672 1333 1725 sequitur
1387 1671 1605 1711 decretum

284 1746 393 1784 beati
429 1745 645 1797 Gregorii:
685 1745 789 1784 Cum
822 1744 979 1798 gravia
1008 1749 1186 1796 peccata
1227 1742 1400 1782 dimissa
1434 1751 1534 1781 sunt
1569 1752 1607 1782 et

185 1816 365 1855 202³non
405 1814 664 1868 deprimunt,
705 1821 806 1854 tunc
830 1814 1009 1866 prodest
1037 1813 1218 1853 mortuis
1240 1810 1266 1838 Ψ
1286 1812 1324 1852 si
1356 1813 1396 1851 in
1430 1812 1606 1852 ecclesia

279 1886 557 1938 sepeliantur,
592 1885 691 1938 quia
725 1897 872 1924 eorum
900 1884 1113 1937 proximi,
1148 1883 1348 1937 quociens
1371 1882 1428 1921 acl
1459 1882 1604 1922 eadem

282 1957 375 1996 loca
421 1956 606 2005 veniunt,
650 1968 829 1995 suorum
881 1968 1047 2008 quoque
1076 1954 1349 2007 sepulturam
1382 1953 1606 2006 aspiciunt,

229 2029 268 2062 25
286 2026 573 2066 recordantur
606 2032 646 2065 et
669 2039 755 2078 pro
788 2025 848 2065 eis
881 2025 1051 2064 domino
1076 2037 1228 2077 preces
1246 2022 1462 2076 fundunt.
1493 2024 1603 2062 Nam

281 2109 388 2150 quos
408 2103 589 2149 peccata
611 2097 767 2150 gravia
791 2096 1050 2149 deprimunt,
1074 2095 1132 2134 acl
1155 2095 1358 2134 maiorem
1384 2095 1604 2134 cumulum

282 2166 603 2220 dampnacionis
629 2166 784 2219 pocius
813 2179 943 2219 quani
976 2165 1292 2205 absolucionem
1326 2178 1475 2204 eorum
1510 2177 1605 2204 cor—

275 2250 389 2290 pora
422 2237 464 2276 in
501 2236 691 2277 ecclesiis
724 2242 1010 2289 reponuntur.
1046 2235 1269 2284 Quantum
1304 2235 1354 2273 ad
1391 2235 1603 2273 racionem

285 2308 473 2358 terciam,
497 2307 893 2360 quomodocunque
913 2304 1168 2359 glossamus,
1193 2319 1277 2344 non
1298 2305 1477 2344 dubium
1503 2305 1603 2358 quin

228 2377 654 2416 3omurmuraciones
700 2377 883 2430 plurime
930 2390 1006 2429 pro
1053 2375 1235 2415 mortuis
1288 2383 1387 2414 sunt
1438 2374 1604 2427 inique3

338 2513 363 2542 5.
384 2515 413 2542 A
434 2515 490 2549 A1:
513 2515 748 2541 nonnullorum.
880 2521 905 2548 7.
927 2515 973 2541 A:
996 2521 1031 2548 sp
1053 2513 1210 2546 sepelitur.
1232 2514 1288 2547 Al:
1310 2520 1433 2546 semper
1447 2511 1606 2546 sepelitur.

284 2561 430 2589 Errorem
445 2561 609 2588 scribentis
630 2561 658 2588 A
678 2560 816 2587 imitatus
832 2565 877 2587 est
897 2562 949 2595 Ar
1107 2557 1148 2586 18.
1170 2559 1204 2586 In
1223 2559 1354 2586 decret.:
1377 2559 1525 2593 quoniam
1541 2566 1605 2585 eos

285 2615 327 2634 22.
350 2607 443 2635 ibid.:
474 2607 503 2635 in
531 2608 680 2635 ecclesiis.
824 2606 870 2634 28.
900 2607 928 2634 A
949 2607 978 2633 ln
1000 2613 1119 2640 marg:
1153 2604 1233 2633 Nota
1263 2605 1425 2640 quomodo
1455 2605 1526 2632 licet
1556 2604 1605 2631 de—

285 2656 432 2689 plangere
461 2655 720 2690 (superscriptum
752 2659 813 2681 est:
845 2653 917 2681 flere
943 2653 1009 2680 scil.
1047 2652 1171 2686 deflere)
1201 2656 1361 2680 mortuum
1389 2656 1418 2679 et
1443 2651 1606 2686 quomodo

288 2709 349 2729 non
371 2701 452 2729 licet.

346 2809 376 2840 3.
403 2810 517 2841 Causa
542 2809 628 2848 XIII,
663 2819 695 2851 q.
723 2810 760 2847 ΙΙ,
795 2819 869 2851 cap.
896 2809 1015 2840 XXVI.
1164 2806 1213 2839 13.
1241 2807 1355 2838 Causa
1383 2806 1469 2845 XIII,
1503 2816 1536 2847 q.
1566 2805 1605 2845 II⁷

286 2877 385 2910 capp.
411 2868 486 2899 XVI
514 2868 580 2899 and
609 2867 715 2899 xvii.

1680 876 1715 894 or
1736 868 1834 895 liarm.
