2045 3312
216 260 352 289 cimil.
730 264 789 295 DE
816 264 1052 298 ECCLESIA.
1777 261 1831 309 43

62 382 98 415 N
125 371 314 424 134³satis
349 381 408 411 est
453 371 567 423 quod
619 370 857 423 postposita
904 370 1063 410 desidia
1109 371 1289 411 habeant
1333 372 1459 412 fidem
1499 374 1541 412 in

217 441 361 481 habitu
394 441 630 480 formatam.

169 521 201 555 ο
274 511 336 550 Ex
380 510 468 550 istis
513 518 627 563 patet
670 510 798 550 tercio
844 511 960 564 quod
1015 511 1190 564 quilibet
1236 511 1365 551 laicus
1410 511 1542 552 fidelis
1570 523 1662 563 xviia-1
1684 533 1753 563 mcii
1775 532 1826 563 ape

217 589 381 620 tenetur
439 581 602 620 credere
659 581 776 633 quod
827 580 954 620 habet
1006 579 1225 621 Christum
1283 583 1543 622 sacerdotem
1558 565 1589 586 ω
1611 559 1836 630 liiiiilsssiissfhffl

183 663 356 702 §suum,
395 660 615 701 rectorem,
658 651 907 704 episcopum
940 660 1065 705 atque
1098 666 1270 705 papam,
1319 662 1358 692 et
1403 653 1459 693 sic
1493 654 1542 692 de

215 720 303 759 aliis
336 720 488 760 sanctis
523 720 677 760 Christi
710 720 883 760 vicariiS.
924 721 1005 761 Sed
1052 723 1292 762 accedendo
1338 723 1389 762 ad
1433 722 1541 763 diffi-

215 790 414 830 cultatem
446 790 614 831 diciiur:
650 804 748 830 cum
779 800 896 831 actus
930 800 1028 831 sunt
1050 792 1374 845 suppositorum
1397 793 1541 846 singu-

214 860 366 899 larium
397 870 437 902 et
470 861 602 901 nostri
634 860 778 901 fideles
822 861 913 901 laici
957 862 1276 902 communicant
1320 877 1419 902 cum
1457 864 1542 903 suis

215 931 467 984 presbyteris
501 940 541 970 et
573 931 738 982 curatis,
772 945 939 971 necesse
971 941 1032 972 est
1063 933 1181 986 quod
1202 932 1383 972 habeant
1416 933 1543 972 fidem

162 1002 264 1043 10de
297 1000 397 1040 illis:
443 1001 539 1040 ideo
585 1001 678 1040 laici
723 1010 919 1041 tenentur
965 1002 1014 1041 de
1059 1002 1271 1056 aliquibus
1317 1004 1541 1056 prepositis

215 1070 299 1111 suis
333 1071 498 1110 credere
530 1071 678 1111 saltem
710 1071 911 1124 implicite
937 1072 1052 1125 quod
1076 1082 1174 1113 sunt
1198 1082 1336 1126 partes
1370 1074 1542 1114 ecclesie

215 1151 253 1181 et
286 1141 420 1194 capita
453 1155 540 1191 sua,
587 1150 627 1181 et
659 1142 709 1181 de
742 1142 832 1182 aliis
866 1156 954 1182 non
986 1152 1195 1194 tenentur,
1241 1152 1279 1182 et
1312 1152 1543 1197 utrumque

215 1212 456 1252 membrum
490 1221 630 1264 potest
654 1213 877 1265 subdividi,
912 1214 978 1252 vel
1010 1214 1127 1267 quod
1159 1222 1355 1254 tenentur
1378 1215 1543 1253 credere

214 1283 270 1322 sic
303 1283 353 1322 de
386 1282 465 1322 illis
499 1284 734 1322 secundum
765 1293 1004 1336 presentem
1038 1284 1248 1324 iusticiam
1281 1285 1347 1323 vel
1379 1283 1540 1337 simpli-

161 1354 314 1393 15citer
346 1353 583 1393 secundum
615 1353 1040 1406 predestinacionem.
1083 1355 1207 1394 Tunc
1241 1355 1392 1395 dicitur
1428 1356 1543 1409 quod

215 1423 305 1463 laici
350 1437 435 1462 non
479 1432 675 1463 tenentur
719 1424 885 1463 credere
932 1424 1050 1463 aliter
1093 1425 1143 1464 de
1196 1439 1273 1464 suo
1325 1425 1542 1478 preposito

214 1493 290 1532 nisi
315 1507 474 1533 verum.
510 1494 628 1533 Patet
651 1493 730 1534 sic:
756 1495 893 1534 Nemo
917 1503 1082 1535 tenetur
1103 1495 1340 1549 quidquam
1363 1496 1542 1548 credere,

214 1564 292 1602 nisi
336 1564 452 1617 quod
484 1564 598 1603 Deus
639 1574 783 1604 movet
826 1578 925 1604 eum
971 1566 1154 1617 credere,
1199 1566 1271 1605 sed
1303 1566 1417 1605 Deus
1456 1580 1540 1605 non

216 1643 359 1673 movet
382 1633 603 1673 hominem
626 1635 677 1674 ad
705 1635 963 1675 credendum
987 1635 1159 1675 falsum:
1193 1636 1288 1675 ideo
1312 1650 1397 1675 non
1421 1637 1544 1677 debet

157 1704 379 1745 20credere
417 1703 589 1754 falsum;
636 1705 732 1745 licet
776 1705 889 1744 enim
928 1719 975 1745 ex
1019 1705 1101 1745 fide
1145 1705 1246 1746 falsa
1283 1707 1541 1762 quandoque

215 1774 378 1813 bonum
402 1775 620 1827 proveniat
644 1785 684 1814 et
707 1775 820 1814 Deus
843 1784 1011 1815 moveat
1032 1777 1084 1815 ad
1102 1776 1387 1816 substanciam
1410 1786 1541 1829 actus,

214 1853 354 1883 tamen
387 1844 500 1884 Deus
534 1858 619 1883 non
652 1845 708 1884 sic
742 1855 885 1885 movet
918 1846 1152 1897 hominem,
1199 1855 1245 1886 ut
1278 1846 1443 1886 fallatur
1475 1845 1541 1902 (ut

214 1923 328 1966 patet
358 1914 464 1953 libro
507 1923 636 1967 sexto,
670 1924 845 1955 tractatu
880 1916 930 1955 de
962 1916 1197 1968 mendacio,
1232 1917 1416 1969 capitulo
1453 1915 1538 1972 —).

273 1985 335 2023 Ex
368 1985 454 2024 istis
487 1995 602 2038 patet
635 1986 821 2025 secundo
855 1987 970 2039 quod
1004 1995 1146 2039 pastor
1174 1996 1340 2026 tenetur
1363 2000 1536 2026 monere
1572 2008 1641 2036 Tim
1664 2014 1769 2044 pastor
1792 2010 1816 2037 ἰδ-

160 2055 406 2095 255ubditos
454 2069 552 2095 suos
586 2069 659 2108 per
692 2056 994 2096 instrucciones
1027 2071 1206 2109 operum
1238 2057 1538 2109 virtuosorum,
1555 2044 1834 2115 ἓξζζζῃῗῃῑξγέᾯᾚ

216 2134 261 2164 ut
293 2124 421 2164 fidem
453 2125 529 2164 sibi
563 2126 788 2166 adhibeant
837 2128 952 2180 quod
986 2127 1037 2166 sit
1069 2127 1173 2166 talis.
1220 2128 1337 2167 Patet
1381 2141 1429 2166 ex
1462 2127 1541 2167 hoc
1556 2114 1837 2177 xvffligscauprssisttof

216 2196 332 2248 quod
364 2195 481 2234 aliter
512 2197 769 2248 acceptando
808 2197 887 2236 tale
927 2196 1118 2236 officium
1156 2206 1346 2250 peccaret
1382 2207 1539 2237 morta-

215 2265 319 2316 liter,
351 2279 501 2318 ymmo
534 2265 776 2305 inducendo
824 2266 965 2306 hostes
1010 2266 1052 2305 in
1097 2267 1316 2306 ecclesiam
1361 2267 1541 2307 domum

215 2334 290 2374 Dei
324 2335 429 2374 foret
460 2335 651 2388 proditor
676 2336 750 2375 Dei
776 2337 851 2376 sui.
888 2337 1073 2385 Quando
1107 2351 1205 2390 ergo
1238 2337 1431 2377 subditus
1455 2353 1540 2378 non

159 2405 433 2457 Socognoscit
476 2405 574 2445 talia
625 2406 841 2446 fructuosa
885 2420 1014 2460 opera
1067 2407 1131 2446 sui
1184 2408 1401 2460 prepositi,
1454 2423 1540 2448 non

215 2484 380 2514 tenetur
423 2475 587 2514 credere
632 2478 748 2529 quod
796 2477 847 2516 sit
891 2477 996 2518 talis,
1050 2477 1091 2517 Si
1138 2486 1280 2516 autem
1325 2479 1542 2531 cognoscit

215 2544 429 2598 implicite,
463 2554 630 2585 tenetur
662 2547 1042 2600 proporcionaliter
1075 2548 1254 2599 credere,
1296 2557 1336 2587 et
1368 2549 1540 2602 quando

274 2681 373 2709 &AB
395 2683 424 2708 iil
446 2691 549 2716 maru:
573 2682 762 2717 Conclusiog
784 2685 809 2711 A
826 2684 854 2710 iii
872 2692 973 2717 marg:
997 2684 1040 2710 Dc
1063 2685 1233 2719 prepositis
1248 2687 1410 2721 quomodo
1432 2692 1540 2714 tenen-

214 2734 263 2755 tui*
283 2729 397 2756 subditi
419 2730 553 2757 credere.
582 2730 705 2764 (Above
726 2730 791 2764 134³
804 2730 931 2757 without
958 2731 1045 2757 mark
1071 2731 1106 2758 ot·
1133 2731 1313 2762 reference.)
1344 2734 1365 2759 iz
1387 2733 1414 2760 in
1438 2742 1537 2769 marg:

215 2775 273 2802 Hic
295 2780 377 2812 nota,
398 2777 559 2811 quomodo
576 2778 765 2805 credendum
787 2783 831 2805 esi
853 2778 1032 2813 prepositos
1054 2783 1178 2805 nosti-os
1200 2787 1267 2805 esse
1283 2784 1384 2813 partes
1401 2781 1540 2807 ecclesie.

215 2821 310 2849 lbid.:
342 2822 427 2850 Laici
459 2828 601 2851 tenentur
627 2824 753 2851 credere
780 2824 817 2851 de
845 2824 999 2859 aliquibus
1031 2832 1160 2851 suorum
1193 2825 1425 2860 prepositorum
1457 2827 1539 2861 quod

216 2874 287 2896 sunt
307 2875 408 2903 partes
429 2869 567 2896 ecclesie.
651 2871 728 2897 25:15
751 2871 873 2905 quinto:
895 2875 1024 2897 tractatu
1041 2871 1077 2897 de
1090 2871 1254 2898 mendacio
1273 2871 1301 2898 in
1318 2880 1415 2907 marg,
1430 2880 1490 2899 non
1509 2872 1538 2899 iu

214 2919 308 2942 textu.
328 2915 420 2943 Liber
440 2922 543 2943 sextus
564 2916 620 2951 isl
642 2925 780 2951 suppose
802 2919 852 2944 tue
874 2917 917 2944 De
940 2916 1074 2944 Veritate
1095 2916 1126 2945 S.
1146 2916 1315 2951 Scripture.
