2045 3312
107 297 191 347 450
836 301 1062 335 JOHANNJS
1090 300 1285 333 WYCMF.
1510 285 1616 344 [CAP.
1638 296 1719 325 xix.

119 421 382 468 {false-teacinng
401 411 629 450 consulunt
647 411 806 449 nedum
827 408 941 448 laicis
964 409 1035 447 sed
1058 406 1330 460 pontificibus
1354 407 1405 446 ad
1428 407 1723 460 pugnandum,
1744 421 1822 461 192⁸
1839 416 1874 450 P

109 467 148 485 ΟΠ
170 458 339 519 giiiiui‘ssiiit
361 463 385 481 ἡ
401 481 620 534 palliantes
665 494 737 533 per
783 478 977 531 sompnia
1019 487 1057 517 et
1097 477 1250 530 scripta
1282 476 1469 530 apocrifa
1501 476 1724 530 quomodo

401 565 543 605 pugne
577 551 678 591 tales
713 550 845 590 eciam
878 549 919 588 in
944 550 1143 588 Romano
1167 547 1366 601 pontifice
1399 561 1472 600 per
1504 547 1621 600 signa
1645 560 1726 600 que

400 632 553 661 vocant
599 621 800 660 miracula
844 628 941 659 sunt
985 619 1151 658 laudate
1192 616 1256 672 (ut
1294 617 1409 670 tetigi
1448 617 1586 657 XVll⁰
1636 630 1724 669 cap.

402 693 492 731 libri
529 690 697 745 quarti).
744 692 962 743 Rogamus
995 689 1135 742 itaque
1168 688 1210 727 in
1243 687 1377 726 verbis
1410 696 1455 727 ut
1493 687 1760 730 habeamus5

403 763 554 802 Christi
603 773 641 801 et
687 775 760 801 sue
807 759 1019 813 paciencie
1069 760 1341 809 documenta,
1391 758 1463 797 sed
1507 766 1727 810 tamquam

405 832 594 887 ypocrite
634 832 904 871 adversamur
947 830 990 868 in
1036 828 1167 880 factis,
1215 828 1389 867 nitendo
1428 828 1526 867 totis
1571 828 1727 868 viribus

404 904 626 957 quomodo
680 902 911 941 habeamus
964 901 1014 939 de
1066 899 1182 940 factis
1229 899 1423 939 hostibus
1473 898 1728 951 temporales

403 974 598 1013 victorias
638 982 677 1012 et
718 972 903 1011 fastuosa
935 985 980 1010 ac
1015 970 1112 1010 huic
1144 970 1227 1009 vite
1260 970 1517 1022 voluptuosa
1550 969 1727 1008 delecta-

406 1053 561 1095 menta,
606 1053 645 1082 et
684 1044 734 1082 ad
787 1042 866 1082 hoc
911 1041 1175 1094 applicamus
1223 1040 1431 1093 triplicem
1475 1039 1787 1092 sapienciam10

406 1114 531 1154 huius
567 1113 732 1165 mundi,
765 1113 815 1153 de
849 1127 931 1166 qua
963 1111 1105 1151 Jacobi
1139 1111 1227 1162 1110,
1270 1111 1313 1149 15
1349 1109 1500 1150 dicitur
1531 1110 1647 1162 quod
1671 1117 1731 1148 est

407 1193 593 1234 terrena,
626 1184 827 1223 animalis
861 1190 899 1222 et
930 1182 1170 1227 drabolica.
1196 1180 1461 1220 Necessarius
1495 1193 1593 1233 ergo
1627 1178 1732 1218 foret

407 1255 589 1308 cogitare
635 1253 917 1308 cogitaciones
961 1252 1089 1306 pacis,
1135 1265 1279 1305 rogare
1321 1260 1360 1291 et
1405 1250 1616 1304 predicare
1650 1264 1732 1304 que

406 1327 458 1365 ad
492 1339 640 1378 pacem
672 1334 783 1377 sunt,
834 1338 966 1377 quam
998 1323 1203 1362 adducere
1238 1321 1356 1361 sucos
1391 1320 1645 1374 sophisticos
1680 1320 1731 1359 ad

409 1396 671 1450 palliandum
704 1395 821 1448 quod
844 1394 1003 1433 nedum
1026 1392 1175 1432 mundi
1209 1391 1470 1445 principibus
1502 1391 1575 1430 sed
1599 1390 1731 1430 eciam
1751 1398 1788 1431 15

410 1465 587 1506 summis
621 1464 892 1518 pontificibus
931 1463 1095 1503 licitum
1140 1472 1200 1502 est
1245 1462 1409 1502 bellare.
1458 1462 1525 1501 Ad
1566 1470 1732 1501 tantum

127 1547 151 1574 It
173 1547 197 1573 is
218 1554 293 1572 even
317 1546 384 1572 said
411 1537 524 1577 enim
569 1535 695 1576 cecati
744 1543 841 1575 sunt
886 1534 1015 1574 eciam
1065 1532 1323 1586 professores
1368 1532 1569 1585 scripture
1614 1532 1732 1585 quod

137 1582 200 1608 that
220 1581 371 1615 ternporal

117 1617 395 1679 ffffiieetfssiiiiissniisxir
412 1608 557 1647 dicunt
588 1616 675 1646 tam
709 1604 985 1645 necessariam
1018 1617 1104 1643 esse
1138 1604 1248 1643 clero
1273 1602 1398 1642 hodie
1421 1602 1734 1655 possessionem

163 1696 195 1714 as
216 1695 279 1737 was
301 1686 353 1725 11¹5¹
410 1677 724 1730 temporalium,
787 1673 1225 1728 quamssnecessaria
1283 1672 1362 1713 fuit
1419 1672 1460 1711 in
1523 1672 1833 1725 primitivamb

117 1724 393 1785 ιηίιὲἓὶὲξέῑοιῒίιεῑ-
411 1747 583 1788 ecclesia
643 1754 826 1799 potestas
886 1744 1061 1784 faciendi
1122 1742 1337 1794 miracula,
1403 1752 1442 1782 et
1494 1742 1733 1795 intelligunt
1751 1759 1793 1780 πο

411 1817 690 1858 necessarium
724 1829 802 1869 pro
836 1815 927 1854 utili
969 1814 1033 1868 (ut
1063 1812 1265 1867 oportet),
1298 1812 1396 1866 quia
1435 1812 1551 1852 aliter
1583 1826 1733 1852 conce-

409 1889 555 1928 derent
597 1887 715 1940 quod
755 1895 843 1925 tam
875 1883 1105 1924 necessaria
1146 1883 1316 1923 ecclesie
1350 1882 1456 1922 foret
1489 1896 1563 1922 sua
1597 1882 1735 1935 predi-

411 1959 539 2009 cacio,
585 1971 734 2011 ymmo
782 1970 857 1995 sua
905 1954 1102 2008 decepcio
1143 1953 1249 1993 sicut
1281 1952 1359 1993 fuit
1392 1952 1547 1993 Christi
1580 1953 1735 2006 passiO,

412 2043 510 2068 cum
572 2029 623 2068 sit
675 2028 752 2067 sub
807 2027 959 2067 eodem
1010 2025 1141 2079 gradu
1204 2023 1451 2077 contingens
1514 2023 1736 2064 necessitas

412 2099 652 2152 utrobique.
1754 2100 1794 2133 25

470 2169 614 2209 Primo
648 2181 746 2221 ergo
786 2167 951 2206 videtur
994 2165 1113 2218 quod
1152 2177 1265 2203 cesar
1303 2163 1484 2203 dedisset
1528 2162 1789 2215 principa-Q,

413 2242 504 2280 liter
542 2237 747 2278 naturalia
792 2238 903 2276 bona
951 2236 1061 2275 clero
1106 2244 1193 2274 tam
1235 2233 1352 2273 utilia
1392 2233 1499 2272 sicut
1531 2233 1738 2284 Christus,

415 2321 453 2351 et
486 2311 638 2350 iterum
682 2317 768 2348 tam
814 2306 995 2360 perfecta
1036 2305 1179 2345 fuisset
1223 2304 1468 2356 temporalis
1513 2302 1738 2355 possessio,

416 2382 521 2422 sicut
545 2380 762 2419 carismata
786 2375 1118 2430 supernaturalia
1147 2388 1346 2414 concessa
1378 2388 1401 2412 a
1424 2373 1606 2424 Christo,
1643 2372 1741 2426 quia

416 2452 447 2490 si
499 2458 685 2504 potestas
733 2462 863 2501 quam
909 2446 1101 2486 Christus
1149 2444 1355 2485 concessit
1401 2443 1486 2482 suis
1534 2443 1739 2495 apostolis
1757 2451 1799 2482 30

417 2521 494 2561 fuit
545 2533 710 2559 cesareo
764 2519 878 2557 dono
935 2515 1176 2570 perfeccior,
1240 2514 1317 2554 suit
1369 2513 1539 2553 ecclesie
1585 2512 1739 2552 Christi

417 2589 682 2641 necessarior,
715 2589 832 2642 quod
866 2587 943 2627 fuit
975 2587 1171 2640 patulum
1204 2599 1252 2625 ex
1283 2584 1419 2624 fructu
1453 2592 1492 2623 et
1524 2591 1741 2623 cremento

471 2774 495 2802 3.
519 2776 561 2802 A:
586 2781 720 2809 pungne.
842 2771 882 2799 ιό.
903 2771 930 2798 Α
951 2771 981 2797 in
1003 2777 1122 2803 margA
1145 2767 1314 2797 Conclusio
1330 2767 1415 2795 falsa.
1537 2773 1576 2793 21.
1599 2765 1638 2792 13:
1661 2766 1744 2801 quod

420 2822 518 2849 aliter.
662 2819 709 2847 26.
742 2820 770 2846 A
797 2819 826 2845 in
854 2825 967 2851 marga
1001 2816 1081 2844 Nota
1114 2820 1222 2843 contra
1249 2814 1483 2850 possessionem
1513 2818 1541 2841 et
1569 2812 1744 2839 dominium

419 2868 560 2900 ecclesie,
582 2867 666 2903 quod
688 2866 733 2894 sic
755 2864 967 2892 necessarium
989 2871 1071 2891 nunc
1092 2867 1266 2898 reputatur,
1288 2862 1367 2888 sicut
1387 2861 1417 2888 in
1439 2860 1595 2896 primitiva
1617 2859 1746 2886 ecclesia

421 2919 556 2949 potestas
590 2912 721 2940 faciendi
756 2911 907 2938 miracula
949 2911 1072 2944 (Abovc
1106 2909 1171 2943 inab
1200 2908 1330 2936 without
1372 2907 1458 2934 mark
1497 2906 1532 2933 of
1567 2905 1744 2938 reference).

420 2962 467 2989 26.
486 2967 532 2995 27.
555 2960 593 2987 B:
616 2960 752 2988 dedisset
772 2964 872 2993 preter
894 2956 1052 2985 naturalia.
