2045 3312
289 276 378 305 CAP.
401 269 469 327 xr]
792 277 851 308 DE
878 275 1112 308 ECCLESIA.
1820 275 1894 313 241

136 397 175 430 K
199 395 274 429 162⁶
289 388 528 427 ledentibus
552 384 703 423 debent
738 381 951 434 privilegia
975 380 1145 419 ecclesie
1169 378 1381 431 suffragari
1409 377 1471 433 (ut
1495 388 1608 431 patet
1623 385 1900 456 <1Qi1idqi³e¹issciim

290 458 520 499 collacione
547 450 692 506 tercia)
727 452 797 490 sed
821 450 959 490 omnis
984 449 1206 504 profugus,
1241 448 1393 488 iniuste
1417 449 1607 488 detinens
1641 456 1883 519 Hilgiqipewcvifionzto

289 529 476 569 alienum
521 524 711 565 debitum
756 530 947 575 pretextu
995 519 1180 574 profugii
1222 520 1274 558 ad
1307 532 1608 573 quamcunque
1698 514 1821 561 'wrong-

290 598 507 639 ecclesiam
540 593 761 634 iniuriatur
794 593 884 631 Deo
924 599 963 630 et
1005 590 1205 630 omnibus
1238 589 1390 629 sanctis
1423 589 1609 643 leditque

255 678 330 710 §se
374 668 516 721 ipsum
561 673 600 705 et
651 661 883 717 quemlibet
926 660 1171 714 proximum
1217 659 1407 700 mortalis
1450 659 1609 712 peccati

288 735 646 791 comparticipem.
703 733 814 785 Ergo
854 745 940 770 non
981 740 1042 770 est
1079 730 1241 770 iustum
1285 739 1332 770 ut
1364 730 1421 770 sic
1465 730 1608 770 ledens

286 808 465 861 gaudeat
487 806 621 847 taliter
643 803 911 844 immunitate
936 802 1118 842 ecclesie.
1154 802 1208 841 Et
1233 802 1284 841 ad
1308 801 1420 841 idem
1443 801 1604 840 vadunt

285 877 492 931 quotlibet
515 875 614 916 iuris
640 873 859 928 principia,
883 881 929 912 ut
953 872 1027 911 IIIO
1052 871 1350 924 Decretalium,
1367 872 1434 911 De
1458 884 1609 912 rerum

280 948 623 1000 permutacione,
641 950 757 997 cap0.
779 942 883 982 Cum
905 944 1233 982 universorzmz:
1250 942 1453 995 Deceptis
1471 949 1511 982 et
1527 955 1610 981 non

233 1038 272 1060 10
286 1017 594 1070 decipientibus
618 1017 718 1056 iura
742 1014 1021 1060 subvenimzt;
1042 1012 1159 1052 aliter
1183 1012 1296 1051 enim
1318 1013 1612 1052 ordinarentur

286 1089 396 1141 leges
429 1088 480 1126 ad
514 1086 748 1126 fovendum
780 1084 963 1123 iniurias.
1010 1083 1091 1122 Sed
1125 1082 1227 1121 Isaie
1259 1083 1333 1133 XO,
1374 1095 1406 1133 1,
1440 1082 1609 1123 dicitur:

294 1158 350 1199 I'e
394 1159 466 1211 qui
515 1156 704 1196 condunt
742 1156 860 1209 leges
908 1155 1101 1207 iniquas,·
1158 1166 1244 1192 non
1290 1152 1403 1192 enitn
1447 1161 1508 1192 est
1546 1153 1610 1191 lex

287 1228 473 1268 bumana
505 1228 569 1267 vel
604 1226 745 1266 divina
784 1225 863 1264 nisi
897 1225 948 1264 ad
981 1224 1321 1264 continuandum
1353 1223 1536 1263 iusticias
1570 1231 1609 1261 et

289 1299 611 1352 expurgandum
644 1296 826 1336 iniurias.

252 1386 273 1411 0
348 1368 499 1408 Tercio
523 1366 797 1408 confirmatur
821 1380 869 1405 ex
891 1365 972 1405 hoc
996 1365 1113 1418 quod
1135 1364 1268 1404 homo
1293 1373 1354 1404 est
1377 1364 1607 1418 obligacior
1623 1377 1651 1404 A
1674 1385 1744 1404 man
1767 1377 1792 1404 is
1815 1385 1902 1405 more

288 1439 339 1477 ad
378 1437 682 1477 vindicandum
721 1435 919 1475 iniuriam
957 1435 1033 1474 Dei
1071 1449 1200 1488 quam
1240 1434 1470 1487 propriam,
1511 1447 1606 1473 cum
1624 1412 1902 1480 Γρνὲιῗέεῃᾱωξοῑη-

289 1522 410 1547 suam
442 1508 566 1546 debet
597 1506 823 1557 remittere,
869 1505 946 1544 nisi
988 1505 1037 1544 de
1072 1513 1232 1558 quanto
1266 1504 1374 1558 sapit
1419 1482 1902 1544 divinam'uribuiifiiis‘iziiian

289 1578 500 1629 iniuriam,
535 1576 642 1617 sicut
674 1585 787 1630 patet
822 1576 872 1615 de
905 1574 1091 1627 Christo,
1125 1576 1174 1614 de
1208 1576 1358 1628 Moyse
1393 1583 1431 1614 et
1464 1575 1609 1614 ceteris

289 1647 443 1688 Christi
506 1647 722 1699 membris,
780 1660 862 1700 que
922 1646 1068 1685 omnia
1112 1646 1265 1684 debent
1311 1658 1519 1698 exponere
1565 1659 1607 1685 se

231 1739 272 1760 20
288 1732 363 1772 pro
389 1718 542 1771 capite3
576 1718 646 1757 sed
677 1731 805 1757 omne
828 1717 879 1755 ad
904 1716 1021 1756 cuius
1045 1715 1386 1769 complecionem
1420 1724 1480 1755 est
1503 1716 1608 1755 obli-

288 1788 429 1841 gacior
462 1788 584 1827 debet
616 1787 749 1840 magis
773 1788 1005 1826 attendere:
1041 1800 1140 1839 ergo
1174 1786 1297 1826 debet
1319 1785 1452 1839 magis
1476 1795 1609 1826 atten-

287 1859 381 1898 dere
396 1858 734 1897 vindicacionem
758 1858 895 1897 divine
920 1857 1090 1909 iniurie3
1114 1858 1226 1896 unde
1247 1870 1395 1896 omnes
1411 1855 1609 1896 facientes

288 1928 540 1982 oppositum
586 1938 684 1968 sunt
729 1927 993 1981 culpabiliter
1038 1941 1083 1968 se
1139 1928 1255 1980 ipsos
1300 1933 1497 1966 amantes
1545 1926 1611 1980 (ut

286 1998 474 2052 loquitur
506 1998 754 2051 Apostolus,
789 1997 857 2044 110,
893 1996 1154 2051 Thymothei
1188 1996 1280 2048 1110,
1322 1995 1372 2051 ι).

231 2080 268 2111 25
345 2069 398 2107 Et
429 2068 551 2107 istam
586 2067 843 2107 sentenciam
877 2068 999 2106 docet
1027 2066 1308 2119 Augustinus,
1342 2066 1448 2105 libro
1472 2067 1610 2119 primo
1671 2067 1849 2101 A¹¹ss¹¹⁵¹i¹¹ss

1625 2103 1747 2129 reaches
1763 2102 1814 2129 the
1830 2103 1904 2129 dutv

284 2139 334 2178 ad
359 2138 636 2179 Cresconium
675 2137 1001 2191 grammaticum
1032 2135 1097 2190 (ut
1128 2137 1325 2177 recitatur
1347 2137 1390 2175 in
1423 2137 1595 2176 decretis
1656 2137 1691 2163 0f
1708 2130 1895 2171 punishing“

1600 2169 1609 2188 ’
1660 2172 1708 2198 llic
1736 2172 1866 2199 wiclced.

284 2209 493 2260 xxxma,
528 2223 566 2261 q.
602 2206 727 2262 IV⁸³):
757 2209 961 2261 Quisquis
995 2208 1260 2248 christianus
1292 2209 1490 2260 iniquum
1526 2221 1608 2247 non

277 2280 574 2332 persequitur,
608 2279 768 2318 Christi
801 2285 862 2318 est
884 2279 1096 2318 inimicus.
1131 2279 1283 2318 Verum
1318 2278 1442 2327 dicis,
1466 2279 1504 2317 si
1527 2291 1609 2317 non

284 2349 361 2388 hoc
393 2350 435 2388 in
470 2349 543 2388 illo
570 2350 854 2402 persequitur
902 2348 1017 2401 quod
1053 2348 1219 2388 Christo
1268 2354 1331 2388 est
1374 2349 1609 2388 inimicum.

227 2428 268 2460 30
287 2419 432 2472 Neque
460 2420 570 2459 enim
604 2418 807 2459 dominus
832 2420 872 2458 in
896 2431 1036 2470 serm,
1063 2426 1194 2470 pater
1227 2417 1393 2471 infilio,
1429 2420 1611 2458 maritus

335 2599 364 2623 4.
396 2589 434 2617 B:
456 2590 529 2619 ledit
555 2600 598 2618 sc.
744 2599 781 2618 12.
812 2590 850 2617 13:
878 2590 929 2625 qui
965 2590 1144 2618 comedunt.
1288 2599 1327 2625 ¹7·
1354 2591 1392 2617 ss:
1422 2591 1534 2617 debent
1561 2598 1609 2617 rc-

284 2637 414 2665 mittere.
558 2646 604 2672 24.
629 2638 657 2666 A
677 2638 706 2665 in
735 2645 851 2672 marga
876 2637 966 2665 Nota.
1110 2638 1157 2664 26.
1183 2638 1212 2664 A
1232 2637 1272 2664 13:
1302 2637 1542 2667 Cresconicum:
1570 2638 1611 2670 A¹

285 2682 517 2711 Crescencium.
537 2685 566 2711 A
581 2684 610 2711 in
635 2692 752 2718 marg:
778 2684 983 2719 Augustinus.
1127 2691 1172 2719 27.
1193 2685 1268 2711 Ain
1284 2692 1400 2718 marga
1425 2683 1609 2718 Com-epcio.

284 2729 318 2757 In
339 2730 453 2757 decret.
474 2731 576 2766 leges:
605 2731 755 2767 Quisquis
776 2731 964 2758 christianus
995 2730 1137 2766 iniquum
1167 2732 1374 2767 persequitur.

344 2860 375 2891 8.
403 2861 486 2892 Dec.
516 2862 618 2903 Greg.
651 2862 705 2900 IX,
733 2860 789 2892 lib.
818 2861 873 2899 III,
902 2860 949 2892 tit.
975 2862 1065 2900 XIX,
1099 2872 1172 2903 cap.
1198 2861 1287 2893 VIII.
1432 2859 1484 2891 26.
1513 2860 1610 2891 Decr.

296 2919 322 2950 II
350 2929 440 2962 pars,
468 2928 572 2951 causa
597 2920 718 2960 XXIII,
744 2930 776 2962 q.
805 2920 862 2959 IV,
890 2920 972 2962 Cap.
1001 2920 1069 2951 LII.

1454 2982 1493 3007 10
