2045 3312
131 309 151 335 [Ο

161 295 179 334 ὀὐ

191 309 211 333 b)

845 301 1069 333 JOHANNJS
1096 301 1290 333 wvcmr.
1569 284 1674 343 [CAP.
1691 295 1742 323 xi.

425 424 502 449 nos
550 408 772 462 pontifices
808 408 957 447 debere
1003 420 1136 460 usque
1182 408 1232 446 ad
1282 406 1466 445 animam
1503 415 1543 445 et
1574 405 1745 457 sangui-
1768 417 1898 450 161³D

425 494 523 520 nem
577 478 825 519 confirmare
879 476 944 531 (ut
990 476 1175 529 capitulo
1221 476 1416 529 proximo
1462 475 1744 529 precedente).

149 560 171 586 11
199 559 224 585 is
249 563 391 585 c0¹=¹r2=rv
427 550 661 601 Quomodo
712 562 811 601 ergo
845 556 955 587 stant
999 546 1145 587 simul:
1199 547 1303 586 nulli
1348 546 1468 586 liceat
1513 546 1748 599 quidquam

161 594 380 661 ifficctiiiiriiieui
427 622 575 662 debere
621 619 735 659 alteri
768 628 880 658 extra
920 617 1178 657 caritativam
1210 616 1500 668 dileccionem,
1535 625 1574 656 et
1606 621 1747 656 tamen

132 669 410 726 miiisnfiteli‘tis-pdy
426 691 625 746 fugitivus
672 689 914 730 licenciatur
957 687 999 726 in
1047 687 1159 727 dicto
1203 687 1298 726 loco
1342 695 1546 740 perpetuo
1600 686 1782 728 debereb

424 771 511 801 tam
545 760 735 800 debitum
758 758 975 811 corporale
999 771 1128 811 quam
1161 756 1378 810 spirituale
1402 756 1490 795 sine
1514 756 1594 795 hoc
1628 757 1745 810 quod

423 831 626 885 rependat
677 828 1025 868 satisfaccionem.
1086 827 1246 867 Revera
1292 826 1335 866 in
1379 826 1502 866 istam
1553 825 1747 879 blasphe-

424 901 554 941 miam
579 908 826 953 usurpatam
857 899 971 938 Deus
1004 911 1091 937 non
1120 906 1273 951 potest,
1307 910 1404 936 cum
1438 910 1524 936 non
1557 896 1747 936 licenciat

424 971 645 1011 hominen]
695 970 749 1009 ad
798 968 958 1022 aliquid
1010 981 1086 1021 pro
1139 981 1225 1021 quo
1276 968 1492 1021 dampnat.
1556 967 1749 1007 Secunda

425 1050 568 1081 autem
611 1053 707 1093 pars
754 1038 1038 1079 conclusionis
1083 1046 1199 1091 patet
1231 1051 1278 1077 ex
1310 1037 1391 1077 hoc
1425 1038 1542 1090 quod
1579 1047 1806 1090 oportetxo

425 1111 599 1165 aliquod
639 1109 907 1164 privilegium
942 1123 989 1148 ex
1032 1108 1304 1148 concessione
1339 1108 1444 1161 regis
1478 1107 1563 1147 dari
1597 1107 1749 1147 talibus

426 1181 610 1235 fugitivis
656 1195 703 1220 ex
748 1179 1021 1220 conclusione
1067 1178 1272 1232 proxima.
1334 1179 1386 1217 Et
1429 1177 1506 1217 ista
1539 1177 1750 1218 sentencia

428 1251 664 1292 notabiliter
677 1251 851 1290 docetur
868 1250 1018 1301 XXV²¹‚
1041 1264 1080 1303 q.
1098 1250 1124 1289 Ι.
1150 1249 1251 1289 Ideo
1268 1250 1545 1301 permittente
1561 1247 1749 1296 domino,

428 1323 498 1363 ubi
533 1322 685 1362 dicitur
707 1323 825 1375 quod
848 1321 1191 1374 quandocunque
1213 1321 1409 1360 Romana
1442 1318 1615 1359 ecclesia
1647 1332 1749 1358 con-

426 1393 534 1433 cedit
567 1392 847 1446 privilegium,
881 1391 1079 1444 exprimit
1101 1391 1166 1430 vel
1199 1389 1490 1443 subintelligit,
1524 1388 1603 1428 nisi
1635 1388 1808 1430 aliteri'o

426 1463 651 1503 decreverit
690 1462 988 1502 ordinandum.
1052 1460 1184 1509 Unde,
1239 1460 1389 1514 inquit,
1436 1461 1476 1499 in
1530 1459 1752 1499 nonnullis

426 1533 631 1585 capitulis
646 1533 947 1580 conciliorum,
969 1545 1065 1570 cum
1080 1530 1255 1588 'aliquid
1272 1530 1590 1570 ohsermzndmn
1608 1529 1751 1569 decer-

428 1603 590 1652 niturss,
600 1603 741 1643 statim
758 1601 1050 1654 subinfertur,
1065 1601 1145 1640 nisi
1163 1601 1396 1640 auctoritas
1411 1601 1605 1639 Romane
1619 1600 1749 1639 eccle·
1772 1605 1850 1640 161¹·

427 1675 487 1713 sie
538 1674 666 1712 aliter
709 1672 821 1725 fieri
870 1672 1154 1723 imperaverit
1208 1671 1274 1710 vel
1326 1672 1448 1710 salvo
1495 1682 1665 1722 semper
1709 1671 1750 1708 in

427 1744 627 1784 omnibus
658 1750 755 1783 iure
783 1742 977 1781 Romane
1011 1742 1186 1780 ecclesie
1222 1742 1288 1781 vel
1318 1741 1439 1780 salva
1474 1742 1516 1780 in
1551 1740 1751 1780 omnibus
1769 1757 1811 1779 20

428 1815 664 1867 apostolica
708 1813 981 1852 auctoritate.
1030 1812 1136 1850 Cum
1170 1824 1276 1865 ergo
1309 1813 1397 1851 alia
1425 1810 1666 1865 privilegia
1700 1812 1752 1851 ab

428 1885 662 1936 apostolico
696 1883 917 1935 aliquibus
948 1881 1262 1930 conceduntur,
1297 1889 1335 1921 et
1365 1882 1405 1921 si
1437 1888 1591 1921 contra
1623 1895 1752 1935 gene-

428 1955 565 1994 ralem
613 1955 751 2007 legem
799 1952 969 2005 aliquid
1000 1964 1159 1992 sonare
1190 1952 1437 2002 videantur,
1485 1965 1570 1992 non
1610 1959 1752 1992 tamen

427 2030 578 2064 contra
626 2025 766 2075 ipsam
801 2022 970 2075 aliquid
1013 2022 1249 2062 concedere
1283 2023 1605 2076 intelliguntur.
1657 2023 1753 2063 Pri-

428 2095 603 2147 vilcgia,
621 2093 771 2146 inquit,
788 2092 1317 2145 dicunturquasiprivata
1334 2094 1472 2147 legia,·
1486 2099 1525 2134 et
1540 2093 1754 2133 concludit
1772 2098 1811 2130 25

430 2164 625 2203 finaliter:
658 2162 779 2203 Valet
809 2175 916 2216 ergo
937 2163 1134 2202 Romana
1165 2163 1346 2202 ecclesia
1370 2170 1495 2203 extra
1523 2163 1753 2217 generalia

429 2235 602 2274 decreta
649 2233 831 2286 quedam
878 2233 1060 2284 speciali
1092 2232 1295 2285 beneficio
1328 2233 1572 2286 indulgere,
1616 2234 1752 2272 consi-

429 2305 579 2344 derata
613 2311 756 2344 tamen
798 2303 990 2343 racionis
1026 2303 1227 2356 equitate,
1264 2310 1308 2342 ut
1342 2309 1479 2342 mater
1512 2304 1678 2343 iusticie
1710 2305 1751 2343 in

431 2375 551 2414 nullo
605 2375 656 2413 ab
704 2387 754 2413 ea
788 2373 1015 2413 dissentire
1058 2374 1321 2422 inveniatur,
1364 2381 1409 2413 ut
1439 2373 1633 2413 videlicet
1658 2375 1752 2425 pri-

431 2445 589 2497 vilegia
634 2457 716 2496 que
747 2444 797 2483 ob
822 2443 1052 2496 religionis
1085 2443 1153 2483 vel
1184 2445 1449 2483 necessitatis
1480 2445 1548 2483 vel
1580 2444 1754 2484 exhibiti
1770 2448 1812 2479 ’ἑο

432 2516 620 2567 obsequii
641 2515 840 2567 graciam
866 2513 1178 2566 conceduntur,
1205 2515 1414 2554 neminem
1441 2514 1674 2554 relevando
1696 2515 1752 2553 ita

432 2585 602 2625 divitem
616 2583 807 2637 faciant,
844 2591 888 2623 ut
911 2583 1148 2623 multorum
1174 2584 1434 2624 detrimenta
1459 2597 1541 2623 non
1564 2586 1751 2624 circum-

430 2654 648 2708 spiciendo
681 2655 724 2694 in
752 2656 1030 2707 paupertatis
1054 2655 1271 2694 miseriam
1297 2654 1532 2694 nonnullos
1553 2654 1751 2694 deiciant.

483 2778 512 2801 ⁴1.
534 2769 561 2795 A
583 2768 640 2802 ,ἅμ
672 2772 755 2794 extra
777 2767 947 2794 caritatem.
1091 2769 1118 2794 δ’.
1143 2768 1224 2795 Deus
1248 2776 1308 2796 non
1337 2773 1456 2804 potest:
1487 2768 1614 2795 verbum
1644 2768 1753 2795 deesse

432 2815 564 2842 videtur.
685 2822 724 2847 ιι),
750 2813 787 2839 Ιὲε
812 2814 855 2840 vel
879 2813 1003 2840 salvae
1018 2814 1233 2842 conceduntur
1254 2815 1349 2842 deest.
1478 2813 1524 2842 30.
1545 2815 1591 2843 A:
1615 2823 1673 2851 que
1695 2815 1752 2842 vel.

434 2861 474 2889 33.
497 2862 527 2888 111
550 2861 660 2888 codd.:
684 2860 845 2895 pauperis:
867 2859 987 2886 correxi
1011 2870 1025 2886 e
1048 2860 1160 2887 decret.
1185 2869 1253 2896 sup.
1277 2869 1368 2892 mein,

497 2934 544 2964 23.
572 2933 641 2964 ibid
670 2942 697 2963 c.
723 2931 811 2962 XVI.
