2045 3312
157 283 234 323 ¹³4
835 279 1059 312 JOHANNJS
1086 279 1288 312 WYCLIF.
1569 265 1677 323 [clxv.
1700 274 1767 303 vn.

440 395 620 439 econtra,
644 400 742 427 cum
765 386 819 425 ΙΙο
841 385 1032 425 Machab.
1057 386 1129 434 VO,
1163 399 1223 438 ις),
1249 385 1460 424 scribitur:
1477 384 1573 423 Non
1585 391 1768 437 propter
1789 394 1866 440 ¹49⁶
1881 395 1920 429 Μ

441 457 579 496 locum
612 464 801 512 gentem,
840 455 916 496 sed
946 462 1134 509 propter
1170 461 1342 510 gentem
1389 456 1528 495 Iocum
1569 455 1770 496 dominus

440 527 585 582 elegit.
619 529 673 567 Et
700 535 814 581 patet
836 527 952 580 quod
974 525 1161 579 pollucio
1183 525 1265 565 loci
1288 539 1375 565 non
1398 525 1619 578 impediret
1641 525 1770 566 racio-

440 598 633 639 nabiliter
656 598 819 638 cultum
848 596 940 648 Dei,
963 595 1042 635 nisi
1079 596 1128 635 de
1158 604 1317 649 quanto
1335 595 1771 636 horroremincuteret

441 683 489 709 ex
511 678 697 722 peccato,
730 676 770 707 et
792 681 890 707 curn
912 666 1048 706 maius
1071 674 1293 719 peccatum
1314 666 1520 706 maiorem
1550 666 1771 706 horrorem
1785 677 1802 710 5

440 740 657 792 incuteret,
691 737 881 792 sequitur
915 736 1030 791 quod
1060 745 1280 789 peccatum
1304 736 1469 789 gravius
1492 737 1769 776 commissum

440 811 483 850 in
529 809 765 850 sanctuario
798 808 948 862 pocius
979 806 1203 847 retraheret
1234 821 1257 846 a
1289 806 1432 846 divino
1465 807 1644 849 servitio.
1684 807 1770 847 Nec

441 881 555 921 aliud
586 880 737 920 volunt
768 879 880 932 leges
905 878 1074 918 ecclesie
1107 877 1243 918 debite
1274 878 1496 918 intellecte.
1531 878 1628 917 Non
1657 877 1768 917 enirn

440 951 535 991 licet
568 949 716 990 clerico
740 948 895 990 Christi
919 948 1047 988 cecati
1071 948 1113 987 in
1135 948 1317 988 stulticia
1340 947 1569 1001 phariseica
1593 946 1663 1002 (de
1687 962 1769 1002 qua

441 1020 615 1061 Matthei
637 1018 770 1073 XVO),
794 1020 889 1073 plus
909 1017 1190 1072 appreciando
1207 1017 1418 1058 locionem
1437 1018 1699 1070 corporalem
1722 1032 1767 1057 ex
1788 1038 1827 1059 10

441 1091 549 1145 pluri
581 1090 754 1130 horrore
793 1089 924 1129 sordis
959 1103 1158 1143 corporee
1191 1103 1320 1143 quam
1351 1088 1563 1129 locionem
1600 1087 1767 1141 spiritu·-

441 1163 550 1202 alem
594 1175 617 1201 a
659 1161 779 1200 sorde
822 1159 974 1212 anime,
1027 1173 1126 1199 cum
1173 1160 1408 1200 secundum
1463 1158 1769 1199 diffinicionem

442 1231 610 1285 Christi,
649 1244 730 1284 que
770 1237 930 1271 exeunt
967 1243 992 1270 a
1031 1229 1160 1271 corde
1197 1230 1416 1270 interioris
1453 1228 1649 1278 hominis,
1695 1229 1770 1269 lzec

441 1309 541 1343 sunt
576 1315 656 1355 que
693 1301 1079 1354 preponderanter
1115 1301 1399 1354 coinquinant
1435 1298 1663 1340 hominem.
1716 1299 1809 1339 Eta

178 1378 247 1406 Men
269 1382 350 1404 want
369 1382 400 1404 10
442 1373 507 1413 hic
531 1372 707 1412 miratur
723 1381 811 1412 tota
834 1371 1005 1412 ecclesia
1027 1371 1194 1425 laycalis
1216 1384 1343 1424 quare
1366 1369 1499 1410 clerus
1522 1383 1767 1409 excommu-
1788 1388 1824 1420 15

162 1412 416 1483 liiigssvenixitilyesiiii
442 1444 554 1484 nicat
586 1457 686 1483 cum
718 1451 833 1482 tanta
864 1441 1069 1482 instancia
1106 1450 1146 1481 et
1178 1440 1338 1480 fervore
1371 1453 1447 1493 pro
1480 1453 1557 1479 suo
1580 1440 1604 1462 ἕν’
1628 1439 1768 1479 debito
1788 1458 1871 1490 150⁸

150 1489 428 1546 drtlnssfficgssecgm-
444 1513 664 1568 corporali,
709 1513 775 1552 vel
807 1526 883 1565 pro
916 1512 1100 1552 sensibili
1132 1511 1350 1564 privilegio
1391 1524 1438 1550 ex
1469 1509 1769 1550 tradicionibus

444 1584 672 1624 hominum
705 1584 966 1634 introduct03
1000 1581 1171 1622 clericos
1194 1590 1337 1622 autem
1359 1594 1445 1620 non
1479 1580 1536 1620 sic
1569 1594 1767 1620 excomu-

444 1655 585 1695 nicant
623 1668 699 1707 pro
744 1653 1016 1706 rependendo
1050 1652 1191 1692 debito
1224 1651 1442 1705 spirituali,
1487 1664 1586 1690 cum
1625 1660 1767 1691 tamen

444 1734 665 1778 peccatum
698 1724 749 1764 sit
780 1723 994 1762 infinitum
1028 1722 1192 1776 gravius
1226 1731 1264 1761 et
1296 1722 1486 1762 debitum
1524 1721 1628 1763 illud
1660 1736 1762 1777 quo·
1784 1749 1826 1771 20

444 1797 495 1837 ad
512 1797 651 1836 Deum
676 1795 727 1834 sit
750 1793 994 1847 obligacius.
1019 1794 1118 1832 Plus
1142 1793 1274 1832 eciam
1298 1792 1402 1833 foret
1425 1794 1476 1832 ad
1500 1793 1768 1847 privilegium

445 1877 483 1907 et
514 1865 862 1906 iustificacionem
895 1863 1064 1904 ecclesie
1087 1864 1202 1917 quod
1224 1864 1547 1916 prevaricatores
1579 1863 1768 1903 mandati

444 1937 518 1977 Dei
536 1950 609 1990 per
630 1949 824 1976 censuras
841 1935 1010 1975 ecclesie
1034 1934 1115 1974 sint
1136 1933 1307 1974 correcti
1330 1948 1459 1987 quam
1482 1935 1597 1987 quod
1620 1947 1768 1974 omnes

444 2007 546 2047 ritus
578 2006 754 2046 humani
778 2006 858 2059 legi
882 2005 1035 2045 Christi
1070 2003 1325 2058 superadditi
1350 2004 1431 2044 sint
1453 2013 1768 2057 quantumcun-

445 2092 526 2132 que
558 2076 847 2129 multipliciter
882 2075 1127 2129 regulariter
1160 2088 1206 2114 ac
1239 2074 1513 2127 solempniter
1547 2074 1766 2114 observati.
1786 2089 1826 2122 25

502 2147 801 2187 Recoleremus
850 2146 1059 2199 siquidem
1103 2146 1219 2199 quod
1252 2153 1422 2198 propter
1454 2145 1816 2197 preponderan-N

445 2219 553 2259 ciam
590 2217 691 2257 ritus
745 2216 961 2270 phariseici
1005 2216 1085 2269 legi
1131 2215 1207 2255 Dei
1257 2215 1465 2254 destructe
1511 2223 1608 2254 sunt
1653 2216 1768 2254 Jeru-

446 2289 575 2328 salem
609 2296 647 2327 et
683 2287 814 2327 Judea
846 2284 911 2340 (ut
944 2294 1056 2339 patet
1086 2285 1260 2325 Matthei
1284 2285 1383 2325 XVo
1417 2293 1456 2324 et
1480 2285 1592 2324 Luce
1616 2282 1767 2338 XIXO).

446 2358 742 2398 Recoleremus
775 2356 908 2396 eciam
941 2356 1163 2409 quomodo
1197 2354 1463 2408 privilegium
1496 2363 1556 2394 est
1587 2355 1652 2393 lex
1684 2355 1766 2408 pri-

444 2437 538 2468 vata
571 2429 622 2467 ad
663 2427 941 2467 commodum
986 2425 1233 2479 privilegiati
1268 2439 1466 2465 concessa
1503 2438 1525 2463 a
1563 2425 1766 2479 principe,
1785 2438 1827 2471 30

498 2562 517 2581 ι.
535 2555 561 2581 Α
576 2553 613 2580 13:
631 2553 652 2580 Ι.
666 2552 765 2580 Maeli.
784 2552 816 2579 Ι).
835 2552 933 2580 Maeli.
948 2551 999 2580 VI.
1091 2552 1172 2585 41⁴3:
1191 2552 1341 2579 honorem
1356 2552 1514 2579 incuteret*
1601 2551 1627 2579 5.
1642 2551 1684 2578 D:
1698 2559 1768 2579 cum

446 2601 557 2636 magis.
648 2600 672 2628 5.
691 2601 728 2627 13:
746 2601 897 2627 honorem
916 2600 955 2627 ll:
979 2606 1129 2626 errorem.
1227 2607 1259 2626 ιι.
1276 2600 1319 2626 A:
1334 2606 1425 2634 quam
1439 2598 1571 2625 correxit
1587 2606 1601 2625 e
1613 2607 1618 2623 :
1632 2598 1768 2633 qnandO.

447 2649 483 2677 13.
518 2647 556 2675 B:
584 2646 706 2674 exemit.
852 2646 889 2674 15.
917 2654 945 2674 Λ
974 2648 1003 2674 in
1027 2654 1142 2680 marg:
1174 2646 1254 2673 Nota
1281 2650 1343 2673 tres
1372 2644 1560 2672 miraculose
1589 2645 1769 2681 questiones

446 2695 570 2723 laicales
601 2703 627 2730 a,
662 2694 690 2730 b,
721 2702 746 2720 c.
782 2693 899 2728 (lJclow
929 2694 998 2731 [19¹¹
1025 2694 1155 2721 without
1188 2693 1274 2720 mark
1304 2692 1339 2719 of
1366 2691 1544 2726 reference.)
1652 2700 1690 2727 ¹7·
1727 2692 1768 2719 D:

448 2742 594 2769 sensuali.
722 2742 761 2768 18.
786 2741 827 2767 Ii:
861 2749 922 2768 non
945 2740 1233 2774 excoiiiiniiiiican13
1261 2747 1321 2766 nou
1349 2739 1406 2766 alia
1426 2747 1520 2766 mann
1541 2738 1572 2767 in
1593 2747 1690 2774 marg.
1717 2741 1770 2767 ad-

448 2789 555 2816 ditum.
663 2788 704 2816 23.
729 2788 769 2814 l):
791 2795 922 2815 censure
943 2787 972 2814 in
994 2792 1087 2822 textu,
1109 2795 1187 2814 corr.
1209 2787 1239 2814 in
1255 2794 1370 2820 marga
1391 2793 1549 2813 censuras.
1658 2786 1705 2814 26.
1728 2787 1768 2813 D:

448 2835 656 2863 recole-remus
686 2839 828 2871 promen
851 2835 895 2861 A:
917 2840 1045 2869 propter
1066 2834 1162 2861 deest.
1306 2840 1351 2867 27.
1374 2831 1416 2859 D:
1438 2831 1594 2859 distincte.

500 2929 549 2951 10.
587 2918 707 2951 Matth.
732 2918 805 2959 XV,
839 2917 984 2950 18—20.
