2045 3312
212 239 264 291 98
941 249 1164 282 JOHANNIS
1191 249 1387 282 wrctltr.
1640 235 1747 295 [CAP.
1776 248 1815 277 v.

502 364 660 394 metros
693 368 841 394 eorum
876 368 956 408 que
980 354 1092 407 paria
1125 363 1282 407 puncta
1300 354 1455 407 precise
1479 354 1741 406 continuant,
1765 356 1819 395 sic
1841 367 1970 410 141'1D

501 425 671 465 indubie
707 434 1086 479 quantumcunque
1120 438 1272 477 magna
1305 424 1426 464 fuerit
1458 424 1589 479 figura
1622 428 1823 479 quadrata

503 494 711 548 contingit
742 495 927 548 accipere
961 495 1241 549 dyametrum,
1276 508 1357 549 que
1390 495 1504 548 paria
1527 505 1684 549 puncta
1717 510 1818 536 con-

501 567 631 606 tineat
663 580 761 606 cum
792 579 871 605 suo
904 566 1042 617 latere,
1083 575 1130 605 ut
1169 565 1375 618 capiendo
1428 566 1695 620 dyametrum
1740 581 1821 621 que

503 638 553 677 de
586 636 770 690 qualibet
803 645 918 676 costa
951 635 1246 675 transversatili
1270 635 1426 688 precise
1450 637 1664 676 contineat
1686 650 1854 682 unum5

501 716 722 760 punctum.
740 707 863 746 Tunc
879 706 1037 759 precise
1070 714 1175 759 quot
1207 715 1304 746 sunt
1326 715 1482 759 puncta
1515 707 1556 746 in
1579 716 1706 755 costa,
1730 721 1820 760 pre-

502 777 582 817 eise
614 786 676 817 tot
699 786 796 817 sunt
820 777 947 816 latera
970 775 1306 827 transversatilia,
1331 785 1369 815 et
1395 777 1552 829 precise
1575 786 1638 817 tot
1668 787 1822 830 puncta

502 847 688 888 continet
721 848 814 888 data
848 848 1074 902 dyameter.
1120 848 1174 887 Et
1211 856 1352 886 tamen
1393 847 1597 901 contingit
1636 848 1820 901 accipere

500 918 625 958 aliam
677 918 930 958 diametrum
975 917 1016 957 in
1071 918 1191 958 cuius
1245 917 1610 971 composicionem
1655 918 1821 958 racione

501 988 807 1042 obliquacionis
840 988 960 1041 plura
992 988 1058 1027 vel
1090 988 1289 1041 pauciora
1327 997 1484 1042 puncta
1522 988 1818 1041 ingrediantur.
1841 1013 1879 1034 10

499 1059 585 1098 Nec
619 1058 770 1098 scietur
802 1058 979 1098 diffinite
1012 1058 1237 1112 proporcio
1271 1067 1342 1098 aut
1381 1058 1589 1113 quantitas
1630 1058 1821 1098 diametri

501 1139 691 1183 respectu
725 1129 875 1181 lateris,
909 1128 985 1168 nisi
1011 1129 1112 1169 scita
1133 1128 1366 1183 quantitate
1381 1129 1546 1168 numeri
1562 1140 1821 1182 punctorum

501 1214 548 1240 ex
593 1200 748 1254 quibus
781 1199 1067 1253 componitur.
1106 1200 1204 1240 Ideo
1237 1199 1503 1253 querendum
1549 1209 1609 1240 est
1655 1201 1706 1239 de
1739 1213 1822 1253 qua

501 1270 706 1310 diametro
740 1284 917 1324 arguens
949 1270 1049 1310 velit
1072 1269 1202 1323 loqui,
1237 1283 1335 1309 cum
1368 1269 1475 1310 inter
1497 1272 1643 1310 eadem
1667 1279 1823 1324 puncta

501 1340 707 1394 contingit
728 1341 915 1394 accipere
948 1340 1130 1381 infinitas
1154 1341 1297 1393 lineas,
1334 1355 1514 1394 quarum
1545 1342 1660 1381 nulla
1683 1341 1821 1380 divisi-
1843 1353 1879 1386 15

500 1412 635 1451 biliter
667 1411 826 1451 excedit
858 1426 881 1451 a
913 1411 1164 1451 rectitudine
1197 1411 1362 1452 racione
1402 1411 1648 1452 variacionis
1688 1424 1821 1465 punc-

500 1491 641 1522 torum
699 1484 967 1536 dyametrum
1013 1481 1286 1536 quantitative
1338 1481 1709 1535 componencium.
1771 1482 1823 1521 Et

500 1552 557 1592 sic
630 1553 915 1593 communiter
977 1561 1037 1592 est
1099 1553 1315 1607 dyameter
1383 1566 1507 1606 super
1569 1566 1651 1606 qua
1713 1551 1822 1592 cadit

499 1623 752 1676 imaginacio
793 1623 928 1662 maior
981 1631 1108 1675 costa,
1162 1632 1208 1663 ut
1260 1622 1545 1663 communiter
1587 1622 1737 1662 dicitur
1780 1622 1821 1661 in

499 1693 722 1733 medietate
758 1693 1052 1746 proporcionis
1089 1694 1229 1747 duple,
1264 1694 1335 1733 sed
1369 1693 1574 1733 certitudo
1608 1691 1747 1732 deficit
1779 1692 1821 1731 in
1841 1715 1880 1736 20

499 1763 570 1802 tali
603 1762 923 1816 imaginacione‚
949 1777 1047 1803 cum
1072 1777 1184 1803 error
1207 1777 1352 1804 sensus
1376 1763 1419 1803 in
1453 1763 1658 1817 capiendo
1691 1763 1820 1802 lineas

499 1833 718 1886 corrigitur
740 1833 766 1861 ἧς
788 1848 836 1873 ex
861 1834 1090 1875 subtilitate
1113 1834 1348 1874 intellectus
1387 1832 1452 1889 (ut
1474 1834 1573 1874 alias
1609 1832 1818 1887 exposui).
1840 1847 1919 1886 ¹42¹*

205 1906 275 1934 Men
296 1905 387 1943 judge
409 1908 482 1936 each
559 1903 640 1943 Sed
664 1904 881 1943 redeundo
915 1905 966 1943 ad
998 1905 1214 1945 materiam
1241 1905 1290 1944 de
1315 1904 1486 1944 ecclesia
1510 1904 1660 1944 dicitur
1683 1903 1850 1957 primol
1881 1914 1914 1947 F

217 1950 235 1968 o
277 1951 287 1959 Ἰ
348 1952 352 1959 v
418 1952 431 1963 n

224 1944 482 2042 btgictgugxerfflgiJIyd
498 1973 613 2026 quod
648 1973 754 2014 sicut
786 1988 931 2014 sensus
965 1983 1070 2015 errat
1102 1974 1208 2015 circa
1248 1974 1586 2028 magnitudinem
1626 1983 1665 2014 et
1699 1974 1818 2014 recti-

206 2013 384 2076 fflnssdfinssgss
405 2015 480 2076 m
500 2043 692 2083 tudinem
725 2044 844 2098 linee,
880 2045 977 2099 quia
1010 2045 1175 2099 ignorat
1208 2059 1434 2085 numerum
1473 2053 1733 2099 punctorum
1773 2057 1820 2084 ex
1842 2056 1882 2088 25

498 2113 650 2166 quibus
684 2114 972 2168 componitur,
1006 2115 1062 2154 sic
1094 2115 1254 2155 viantes
1288 2124 1425 2155 errant
1463 2114 1569 2154 circa
1607 2113 1819 2168 magnitu-

497 2182 641 2223 dinem
690 2184 904 2237 dignitatis
956 2186 1021 2225 vel
1066 2185 1202 2226 meriti
1247 2185 1418 2238 viantis,
1477 2185 1577 2239 quia
1627 2185 1822 2239 ignorant

497 2266 725 2294 numerum
761 2264 800 2295 et
832 2269 1077 2295 mensuram
1111 2256 1152 2295 in
1186 2255 1339 2310 quibus
1373 2255 1548 2295 verbum
1589 2255 1821 2295 eternaliter

497 2323 710 2377 disposuit
742 2339 900 2378 ponere
924 2340 1125 2379 sponsam
1148 2340 1281 2366 suam.
1316 2325 1439 2366 Multi
1465 2326 1577 2365 enim
1600 2325 1820 2379 obliquant

497 2407 518 2432 a
551 2394 798 2434 rectitudine
831 2395 1006 2447 iusticie,
1032 2406 1070 2436 et
1103 2410 1247 2436 sensus
1280 2395 1394 2435 infixi
1418 2395 1459 2435 in
1482 2395 1645 2448 legibus
1667 2395 1816 2434 huma·
1837 2408 1878 2440 30

227 2491 403 2530 Thestudy
422 2493 457 2521 of
497 2462 559 2501 nis
600 2463 680 2503 hoc
726 2479 812 2504 non
858 2466 1109 2520 percipiunt,
1156 2467 1225 2506 sed
1271 2466 1506 2506 intellectus
1551 2465 1818 2506 considerans

204 2526 479 2591 SCffiffiggfssssggssffl
497 2532 713 2574 veritatem
747 2549 793 2574 ac
826 2535 1081 2589 sapienciam
1113 2536 1315 2590 scripture
1338 2536 1609 2589 probabiliter
1643 2535 1818 2589 percipit

290 2598 391 2626 “³⁵⁰⁸
495 2603 611 2656 quod
652 2604 864 2645 declinant
907 2620 930 2645 a
974 2606 1183 2646 mandatis
1229 2607 1405 2659 domini,
1451 2607 1548 2660 quia
1592 2607 1733 2646 solum
1776 2606 1817 2644 in

495 2673 668 2725 speculo
713 2675 914 2727 scripture
962 2690 1074 2716 sacre
1118 2676 1302 2728 discitur,
1347 2685 1512 2717 tenetur
1562 2686 1601 2716 et
1645 2677 1818 2716 docetur

494 2741 705 2795 sapiencia
738 2745 1052 2786 mandatorum.
1833 2759 1873 2791 35

543 2863 557 2882 2
579 2856 617 2883 13:
640 2857 728 2890 signa
749 2858 907 2892 quadrata.
1031 2868 1070 2893 ¹7·
1093 2860 1136 2886 A:
1159 2861 1372 2895 quantitatem.
1448 2858 1488 2886 23⁴
1506 2861 1530 2886 Α
1554 2860 1582 2887 iu
1600 2868 1714 2894 marga
1738 2859 1816 2887 Nota

490 2902 544 2929 11'121
567 2903 656 2929 ditla.
