2045 3312
298 255 387 284 CAP.
404 243 531 301 xvur]
830 256 889 287 DE
916 255 1151 287 ECCLESIA.
1831 241 1914 294 439

149 375 184 408 V
208 373 286 418 189b
301 364 435 403 taliter
457 363 680 414 exaltatur3
710 370 749 401 et
771 361 823 400 ad
847 360 1150 400 destruendum
1172 359 1273 399 istos
1297 372 1455 398 errores
1478 359 1520 397 in
1544 357 1625 398 fide

300 434 539 474 laborarent
584 431 771 486 episcopi
813 445 1000 484 quorum
1032 430 1262 483 principale
1295 428 1486 469 officium
1519 428 1626 469 foret

300 503 428 543 fidem
461 503 577 542 illam
611 503 761 541 docere
790 510 916 554 atque
941 500 1161 539 defendere
1184 513 1259 539 nec
1295 513 1380 538 non
1407 509 1446 539 et
1469 513 1626 539 errores

299 574 340 612 in
373 572 454 612 fide
487 573 563 612 ista
596 571 863 612 deviancium
891 570 1127 623 postposita
1163 569 1431 610 solicitudine
1477 583 1627 609 eorum

268 655 383 697 5que
417 652 616 697 questum
648 641 818 695 sapiunt
851 641 1069 680 declarare.
1106 641 1215 679 Nam
1240 629 1421 693 ¹propter
1443 639 1626 680 cecacio-

301 728 399 753 nem
437 712 738 766 temporalium
776 710 906 751 oblita
940 720 1002 750 est
1035 710 1117 750 fere
1151 710 1324 750 ecclesia
1362 710 1626 764 angelorum,

301 793 341 823 et
385 797 482 823 cum
528 782 813 822 Encheridion
852 782 966 821 LX10
997 781 1053 820 sic
1086 781 1226 820 scribit
1271 789 1440 820 sanctus
1480 781 1629 820 doctor

301 853 584 907 Augustinus:
609 852 706 892 Hec
729 859 869 892 autem
905 865 995 905 que.
1019 853 1060 891 in
1094 852 1256 891 sanctis
1290 851 1458 905 angelis
1482 858 1521 890 et
1543 851 1626 890 vir-

301 925 459 964 tutibus
483 924 569 964 Dei
591 930 652 963 est
674 923 865 972 ecclesia,
889 930 990 962 tunc
1014 923 1131 962 nohis
1154 923 1279 962 sicuti
1301 929 1363 961 est
1385 923 1628 972 innotescet,

250 1015 288 1036 10
302 1009 396 1035 cnm
421 995 458 1034 ei
471 994 912 1048 coniunctifuerinzus
929 994 1068 1048 infine
1082 994 1138 1033 ad
1153 993 1388 1033 hahendam
1409 992 1629 1032 beatitudi-

303 1080 395 1106 nenz
429 1066 759 1118 senzpiternam,·
793 1065 873 1104 ista
896 1078 995 1104 vero
1018 1077 1098 1117 qne
1129 1064 1181 1103 ab
1215 1065 1289 1103 illa
1316 1063 1631 1117 peregrinatur

304 1137 343 1176 in
379 1136 505 1176 terris
539 1149 587 1175 eo
626 1135 744 1174 nobis
778 1136 924 1175 nocior
956 1142 1017 1174 est
1053 1134 1166 1187 quod
1203 1135 1244 1174 in
1285 1135 1361 1174 illa
1401 1147 1552 1174 snmus
1594 1141 1630 1173 et

306 1207 404 1260 quia
443 1207 661 1245 hominum
698 1212 759 1245 est
790 1206 903 1258 quod
934 1212 973 1245 et
1006 1219 1081 1245 nos
1113 1218 1277 1245 sumus.
1312 1205 1364 1244 Et
1387 1205 1505 1258 quod
1528 1204 1631 1244 nulli

305 1276 470 1330 presciti
505 1276 584 1316 sint
618 1277 807 1315 membra
838 1275 949 1315 illius
995 1275 1165 1314 ecclesie
1199 1275 1255 1314 sic
1300 1275 1500 1315 declarat:
1535 1274 1633 1314 Hec

253 1347 519 1400 15sangzcine
565 1346 810 1386 mediatoris
855 1346 1022 1385 nullum
1069 1345 1262 1385 habentis
1298 1351 1527 1398 peccatum
1579 1345 1632 1384 ab

305 1418 422 1457 omni
443 1424 505 1457 est
526 1416 744 1470 redempta
762 1423 953 1470 peccato.
979 1417 1058 1456 Sed
1083 1425 1247 1455 constat
1270 1416 1387 1469 quod
1411 1424 1633 1468 peccatum

305 1486 439 1527 finalis
484 1487 780 1540 impenitencie
820 1487 942 1540 quale
987 1495 1048 1526 est
1080 1486 1122 1525 in
1156 1485 1273 1525 omni
1319 1485 1498 1538 prescito
1545 1499 1633 1524 non

306 1567 446 1611 potest
467 1557 615 1597 redimi
647 1558 712 1597 vel
735 1557 875 1609 deleri,
899 1566 946 1597 ut
967 1557 1009 1595 in
1032 1556 1203 1596 assimili
1228 1557 1353 1596 docet
1367 1555 1634 1608 Augustinus

307 1630 348 1669 in
372 1630 434 1668 De
462 1629 588 1667 Dono
628 1627 942 1667 Perseverancie
974 1627 1071 1667 VIO:
1106 1627 1250 1676 Multi,
1280 1626 1429 1679 inquit,
1447 1627 1632 1680 finalem

253 1699 679 1754 20perseverczncic17n
704 1704 891 1751 possunt
924 1710 1006 1737 non
1040 1697 1196 1737 habere
1226 1696 1302 1737 secl
1335 1697 1481 1736 nullus
1511 1697 1634 1736 amit-

310 1778 408 1810 tere.
443 1770 578 1820 Unde,
603 1769 701 1822 quia
724 1768 897 1808 ecclesia
920 1777 1064 1808 sancta
1087 1767 1292 1807 catholica
1316 1766 1634 1806 autonomatice
1680 1768 1714 1796 111
1735 1767 1896 1800 Scriptum

1650 1807 1706 1831 etc.
1728 1803 1779 1831 the
1799 1802 1925 1830 Church

310 1839 459 1879 dicitur
482 1838 665 1889 ecclesia,
690 1838 784 1877 ideo
808 1847 910 1890 aput
943 1847 1133 1877 auctores
1162 1837 1362 1890 scripture
1395 1846 1435 1877 et
1468 1846 1634 1876 sanctos
1696 1846 1804 1866 means
1825 1838 1873 1864 ¹¹¹2

309 1911 501 1949 doctores
540 1909 630 1962 ipsa
673 1908 904 1962 specialiter
936 1907 1193 1961 intelligitur,
1242 1908 1415 1961 quando
1461 1907 1633 1947 ecclesia
1677 1874 1897 1909 predestmate.

309 1979 567 2030 nominatur,
591 1988 637 2019 ut
661 1978 813 2032 Ephes.
833 1979 905 2029 VO,
931 1978 1142 2031 25—270:
1181 1978 1269 2017 Viri
1290 1978 1451 2032 diligite
1474 1991 1633 2017 uxores

256 2055 490 2100 2521estras,
522 2050 632 2089 sicut
664 2055 704 2089 et
740 2049 932 2089 Christus
965 2048 1114 2088 dilexit
1146 2049 1367 2088 ecclesiam
1409 2055 1449 2088 et
1484 2055 1632 2088 semet-

312 2122 451 2174 ipsum
476 2120 652 2160 tradidit
675 2133 761 2172 pro
794 2133 857 2167 ea,
894 2126 940 2158 ut
971 2133 1063 2158 eam
1095 2119 1394 2173 sanctificaret,
1423 2119 1637 2159 mundans

313 2206 404 2232 eam
431 2193 604 2231 lavacro
628 2204 738 2244 aque
761 2191 802 2230 in
826 2190 952 2230 verbo
976 2190 1068 2237 vite,
1099 2196 1144 2228 ut
1178 2190 1395 2229 exhiberet
1428 2191 1516 2243 ipse
1543 2191 1635 2243 glo-

314 2262 472 2301 riosam
490 2261 710 2301 ecclesiam
729 2274 812 2300 non
829 2260 1048 2299 habentem
1068 2260 1281 2299 maculam
1299 2267 1375 2299 aut
1389 2273 1545 2314 rugam
1563 2267 1639 2299 ant

313 2332 478 2385 aliquid
500 2331 757 2379 huiusmodi,
782 2331 856 2371 sed
879 2331 991 2370 utsit
1012 2337 1163 2369 sancta
1180 2337 1219 2369 et
1238 2331 1531 2371 immaculata.
1556 2330 1637 2370 Ubi

258 2406 299 2437 30
314 2416 401 2442 non
434 2402 612 2442 dubium
653 2402 754 2455 quin
795 2401 986 2455 loquitur
1017 2400 1194 2440 limitate
1242 2401 1292 2440 de
1346 2400 1516 2441 ecclesia
1556 2413 1638 2453 que

315 2482 375 2512 est
407 2472 655 2513 universitas
694 2471 1095 2525 predestinatorum,
1141 2484 1241 2510 nam
1286 2471 1403 2511 illam
1446 2469 1637 2521 redemit,

316 2542 431 2582 illam
454 2541 705 2595 glorificabit
727 2550 823 2595 post
853 2542 966 2582 diem
989 2540 1147 2593 iudicii,
1179 2541 1249 2580 illa
1273 2541 1348 2581 erit
1371 2554 1458 2580 non
1481 2541 1638 2580 habens

368 2675 394 2703 7.
410 2668 438 2696 A
452 2668 484 2695 in
504 2675 621 2702 marg:
637 2667 846 2703 Augustinus.
867 2666 995 2694 Presciti
1017 2674 1080 2693 non
1097 2670 1169 2694 sunt
1189 2665 1225 2694 de
1246 2666 1388 2701 ecelesia,
1411 2665 1564 2700 probatur
1585 2673 1638 2700 per

316 2714 540 2748 Augustinum.
566 2714 600 2742 In
621 2714 712 2742 codd.
734 2713 943 2742 Eucheridion
964 2713 1073 2741 LXIX.
1216 2720 1255 2740 12.
1282 2714 1311 2740 A
1331 2713 1389 2746 A,:
1425 2719 1487 2747 quo
1514 2712 1544 2739 in
1576 2712 1637 2739 illa.

318 2769 359 2794 14.
386 2762 416 2789 A
434 2762 490 2796 A1:
513 2761 637 2796 presciti
658 2766 739 2788 sunt.
882 2761 926 2788 16.
953 2760 983 2788 A
1002 2760 1031 2787 in
1056 2767 1172 2794 marga
1194 2759 1287 2788 Nota.
1409 2767 1452 2796 19.
1474 2759 1506 2786 In
1527 2759 1640 2786 codd.:

319 2809 355 2835 de
376 2808 459 2835 bono
481 2808 725 2842 perseverancie.
867 2807 913 2834 28.
934 2807 963 2834 A
984 2808 1038 2841 A,:
1063 2812 1154 2843 atque
1175 2814 1295 2841 rugam.

383 2902 432 2934 ις).
458 2893 548 2932 Aug.
577 2891 669 2934 Opp.
697 2898 781 2922 torn.
807 2892 848 2931 X,
876 2900 954 2934 pag.
982 2889 1060 2923 826.
