2045 3312
299 271 530 330 CAP.XV111.]
802 287 862 319 DE
889 287 1123 319 ECCLESIA.
1820 276 1901 331 433

139 397 170 432 Ο
199 397 276 431 188c
289 403 362 430 eas
386 396 523 429 mutat
543 390 585 430 in
607 391 795 445 virgines
818 392 940 432 iuxta
963 391 1084 441 illud,
1107 392 1221 445 quod
1241 392 1437 433 adultere
1459 394 1615 434 dicitur

283 474 365 512 per
402 459 653 500 Jeremiam:
700 461 795 501 Non
843 469 888 501 ut
934 461 1152 502 dominum
1199 476 1264 502 me
1302 464 1508 504 invocasti
1539 471 1615 504 aut

283 537 454 582 patrem
488 537 564 570 aut
587 531 827 584 principem
861 533 1119 586 zdrginitatis
1153 539 1235 572 tue.
1277 533 1396 573 Unde
1427 541 1466 573 et
1502 534 1612 587 Apo-

288 601 424 640 stolus
438 607 538 653 post
544 600 890 654 fornicacionem
915 608 954 641 et
961 602 1205 655 ydolorum
1230 605 1391 643 cultum
1409 604 1613 644 credenti-

256 670 366 709 szcs
409 671 635 710 Corinthiis
677 671 887 724 loquitur:
929 672 1150 725 Despondi
1180 687 1252 713 vos
1301 675 1496 714 univiro
1529 676 1612 714 vir-

288 741 431 793 ginem
479 747 641 781 castam
688 741 886 781 exhihere
947 742 1129 782 Christo.
1186 744 1238 783 Et
1289 754 1386 797 post
1443 745 1615 798 exponit

289 811 528 851 Jeronimus
568 825 695 865 quare
719 812 833 851 Deus
867 813 1249 865 desponsacionem
1285 815 1456 855 ecclesie
1486 815 1614 868 tripli-

257 880 389 920 lciter
416 881 606 934 repeciit:
643 883 798 930 Primo,
837 883 987 936 inquit,
1020 883 1240 937 despondit
1272 898 1364 924 eam
1399 886 1440 924 in
1477 886 1613 925 Abra-

289 952 387 990 lzanz
420 952 507 991 sive
548 952 589 991 in
623 952 792 1006 Egipto,
828 960 873 992 ut
906 966 1082 993 uxorem
1113 955 1266 994 habeat
1295 957 1611 1009 sempiternam.

249 1027 273 1059 2
290 1020 479 1061 Secundo
504 1024 544 1061 in
570 1029 709 1062 monte
734 1022 901 1076 Synas,
943 1024 1052 1064 dans
1085 1025 1122 1064 ei
1144 1025 1185 1064 in
1208 1027 1480 1078 sponsalibus
1505 1028 1612 1081 legis

247 1092 511 1133 aiusticiam.
563 1091 618 1130 Et
660 1093 788 1132 tercio
829 1094 1018 1134 veniente
1050 1095 1133 1134 Dei
1155 1096 1255 1149 filio
1300 1096 1470 1136 domino
1509 1098 1612 1137 Jeszc

293 1162 460 1202 Christo
478 1162 575 1216 fuit
601 1162 855 1216 desponsata
879 1165 920 1203 in
940 1164 1035 1218 fia'e
1059 1165 1268 1219 perfecta,
1302 1166 1402 1206 dum
1438 1167 1614 1208 videndo

272 1232 420 1285 filium
454 1232 555 1272 via'it
585 1240 624 1272 et
648 1240 835 1286 patrem,
867 1233 1076 1275 Jolzannis
1108 1235 1251 1287 XIV0‚
1286 1250 1344 1285 Io,
1380 1251 1432 1278 H.

237 1305 272 1338 P
347 1302 414 1342 Sic
447 1316 544 1357 ergo
578 1303 707 1343 sancti
741 1305 934 1344 doctores
967 1307 1243 1346 concedentes
1268 1307 1346 1347 ista
1369 1307 1611 1361 simpliciter
1650 1311 1702 1349 My
1721 1318 1882 1348 opponent

1625 1355 1696 1374 uses
1717 1352 1745 1374 te
1800 1357 1812 1374 s
1841 1349 1903 1375 that

237 1377 271 1408 15
288 1385 376 1411 non
421 1383 518 1412 sunt
562 1374 652 1413 ausi
697 1388 876 1414 asserere
920 1376 1037 1429 quod
1084 1385 1232 1416 auctor
1275 1377 1478 1430 scripture
1511 1378 1610 1418 dicit
1626 1356 1902 1412 arenotlffirrant-

288 1441 366 1481 ista
397 1442 626 1496 improprie
660 1452 699 1483 et
731 1444 844 1486 false.
879 1445 958 1485 Sed
990 1445 1153 1485 videtur
1174 1447 1277 1485 mihi
1311 1449 1428 1501 quod
1462 1449 1610 1489 doctor
1624 1417 1662 1444 ed
1678 1417 1716 1453 by
1730 1417 1900 1453 Scupture.

286 1511 477 1565 loquitur
506 1513 737 1567 improprie
760 1516 953 1555 vocando
978 1517 1195 1559 ecclesian]
1219 1518 1405 1557 vetulam
1427 1519 1491 1558 vel
1513 1528 1611 1572 post

287 1581 375 1621 eius
415 1582 709 1637 incepcionem
761 1585 940 1625 dicendo
991 1586 1130 1640 ipsam
1179 1587 1458 1629 iuvenescere.
1511 1590 1608 1628 Non

287 1652 400 1692 enim
432 1654 607 1693 memini
631 1669 698 1694 me
719 1655 871 1710 legisse
903 1656 979 1696 ista
1012 1658 1063 1697 de
1095 1667 1237 1698 sancta
1268 1668 1400 1699 matre
1424 1659 1608 1706 ecclesia,

231 1736 271 1757 20
287 1724 358 1761 sed
419 1737 635 1778 synagoga
696 1726 882 1778 sathane,
945 1728 1118 1768 ecclesia
1178 1729 1511 1783 malignancium
1570 1739 1609 1769 et

287 1793 479 1833 meretrix
513 1795 631 1835 cuius
665 1796 870 1850 dyabolus
901 1807 962 1838 est
994 1807 1132 1852 caput,
1167 1813 1295 1852 quarn
1330 1801 1479 1839 doctor
1511 1800 1610 1839 dicit

286 1871 447 1914 partem
470 1874 609 1904 sancte
639 1866 782 1906 matris
811 1868 996 1920 ecclesie,
1019 1877 1160 1922 potest
1191 1870 1497 1909 racionabiliter
1529 1869 1608 1909 dici

288 1933 427 1972 vetula
459 1935 715 1987 turpissima.

346 2003 470 2044 Ponit
503 2004 615 2045 enim
648 2007 795 2047 doctor
817 2009 933 2061 quod
956 2009 1160 2062 prescitus
1194 2009 1326 2049 eciam
1359 2010 1464 2049 dum
1487 2009 1609 2050 fuerit

230 2072 325 2111 251'n
361 2075 541 2126 mortali,
576 2076 605 2114 si
641 2076 833 2117 hab'uerit
865 2077 990 2117 fidem
1033 2078 1230 2129 infusam,
1273 2089 1333 2119 est
1366 2081 1607 2121 membrum

286 2153 425 2183 sancte
466 2146 608 2185 matris
642 2147 824 2200 ecclesie,
858 2157 898 2187 et
929 2148 1099 2188 indubie
1135 2159 1233 2190 tunc
1267 2160 1328 2190 est
1365 2151 1606 2191 membrum

285 2214 458 2254 sathane
491 2224 530 2255 et
563 2216 770 2270 dyabolus
810 2228 937 2272 caput
970 2219 1059 2259 eius
1092 2220 1155 2272 (ut
1188 2220 1287 2260 dicit
1320 2221 1464 2261 beatus
1501 2221 1602 2261 Gre-

287 2284 462 2339 gorius).
516 2286 678 2327 Dicitur
717 2296 859 2328 autem
893 2298 1035 2329 sancta
1067 2299 1200 2330 mater
1232 2291 1403 2330 ecclesia
1436 2292 1605 2345 proprie

286 2367 497 2395 senescere
531 2365 570 2396 <t
602 2357 748 2398 florere
780 2359 1019 2411 virtutibus,
1055 2374 1151 2400 cum
1184 2362 1352 2401 Psalmo
1375 2362 1507 2413 XC10‚
1544 2377 1604 2413 11,

229 2429 269 2461 30
285 2423 341 2463 sic
372 2425 562 2478 loquitur
593 2428 819 2481 propheta:
875 2430 1076 2470 Senectus
1110 2444 1203 2470 mea
1236 2432 1277 2470 in
1312 2432 1603 2472 misericordia

287 2494 427 2546 uberi]
458 2510 556 2535 narn
604 2498 645 2536 in
690 2499 814 2539 tercia
854 2500 1187 2553 desponsacione
1232 2504 1402 2555 quando
1448 2516 1604 2555 sponsa

286 2563 440 2605 Christi
474 2576 535 2606 est
567 2567 719 2607 mulier
741 2568 914 2622 antiqua
948 2579 987 2609 et
1009 2578 1230 2625 tamquam
1262 2585 1386 2610 senex
1409 2585 1602 2625 persecu-

286 2634 475 2675 cionibus
492 2638 782 2677 membrorum
807 2639 962 2678 diaboli
985 2640 1193 2692 tribulata,
1218 2641 1342 2682 habet
1365 2641 1604 2682 uberiorem

336 2790 356 2810 1.
372 2783 521 2812 adulteris
536 2785 566 2812 in
581 2785 690 2813 codd.:
706 2786 825 2814 correxi
841 2795 856 2814 e
872 2791 956 2815 textu
972 2788 1101 2816 Hieron.
1246 2796 1270 2816 2.
1288 2789 1330 2816 B:
1346 2797 1408 2817 non
1424 2790 1600 2818 dominum.

284 2837 318 2856 11.
340 2829 379 2857 B:
400 2829 460 2858 Sed
481 2832 587 2859 tercio.
730 2840 778 2867 24.
799 2835 826 2860 A
848 2835 878 2861 in
901 2842 1018 2869 marg:
1048 2836 1176 2871 Opinio.
1320 2836 1362 2864 25.
1383 2836 1413 2863 A
1432 2837 1462 2864 in
1484 2845 1600 2872 marg.:

284 2876 454 2910 Quomodo
475 2878 604 2906 ecclesia
625 2883 671 2906 est
690 2881 803 2916 vetula,
819 2880 909 2908 vidua
925 2885 953 2908 et
968 2882 1066 2916 virgo.
1203 2889 1247 2918 27.
1269 2883 1308 2909 B:
1331 2886 1364 2910 ut
1384 2883 1458 2911 dum
1482 2883 1599 2912 beatus.

283 2921 321 2951 3¹.
343 2923 372 2950 A
391 2924 447 2958 Al:
468 2924 617 2953 uberiori.

1444 2979 1484 3011 28
