2045 3312
276 261 365 290 CAP.
388 248 498 307 xxm]
777 262 836 294 DE
864 261 1097 294 ECCLESIA.

122 383 160 416 Η
180 380 262 415 200⁶
278 369 370 424 (ubi
404 367 550 423 supra)
575 369 632 407 sic
665 368 878 421 loquitur:
915 367 1027 415 Quia
1061 366 1239 405 ecclesia
1266 366 1316 404 de
1340 366 1458 405 nullo
1482 373 1598 406 certa

276 448 350 489 est,
374 445 468 479 orat
493 452 577 492 pro
600 438 819 487 omnibus,·
839 438 900 477 sic
922 437 1032 476 enim
1057 442 1152 475 orat
1175 436 1215 474 in
1242 435 1308 475 die
1332 436 1601 476 Parasceues

267 524 352 564 pro
377 509 557 563 perfidis
590 507 746 555 Iudeis,
773 507 967 561 paganis
998 512 1036 545 et
1065 505 1163 545 aliis
1196 506 1361 544 cunctis
1385 506 1596 545 barbaris.

276 581 356 620 Hic
381 580 474 619 dico
506 579 791 632 supponendo
815 590 985 617 sensum
1006 576 1204 630 proximo
1227 576 1457 615 limitatum
1482 576 1598 629 quod

244 650 536 695 §trimembris
584 658 646 689 est
692 647 916 687 distinccio
950 646 1162 686 oracionis
1209 645 1261 684 ad
1310 645 1596 698 propositum.

277 721 370 760 Alia
403 720 515 759 enim
558 728 620 759 est
659 718 801 758 oracio
837 716 1013 757 confusa
1048 725 1089 756 et
1121 716 1201 755 alia
1235 716 1448 766 distincta,
1482 715 1598 768 quod

276 799 445 843 oportet
494 802 741 829 mensurare
787 801 915 841 penes
949 800 1076 826 suum
1112 786 1299 840 primum
1341 785 1598 836 subiectum,

276 861 340 900 vel
374 859 676 899 secundarium
711 872 787 912 pro
811 872 897 912 quo
931 867 1100 910 oratur3
1136 865 1182 897 ut
1215 856 1378 896 orando
1403 855 1599 895 distincte

277 944 353 984 pro
399 930 560 969 cunctis
606 929 831 968 animabus
865 929 906 968 in
941 927 1192 981 purgatorio
1239 935 1386 966 oratur
1425 924 1600 964 confuse

223 1023 261 1044 10
277 1013 354 1053 pro
390 1001 516 1040 Petro
550 1001 617 1040 vel
650 1000 732 1040 alio
766 999 869 1038 inibi
906 999 1124 1051 ignorat03
1150 1006 1190 1037 et
1214 996 1271 1036 sic
1296 996 1444 1035 dicunt
1475 995 1599 1049 logici

276 1070 391 1123 quod
438 1071 585 1109 eadem
634 1070 776 1109 oracio
822 1077 884 1109 est
931 1077 1123 1122 respectu
1170 1067 1438 1107 diversorum
1473 1066 1599 1106 simul

276 1140 452 1180 confusa
487 1149 527 1180 et
560 1140 772 1179 distincta.
805 1139 1002 1179 Secunda
1037 1138 1260 1177 distinccio
1293 1136 1504 1177 oracionis
1538 1146 1599 1176 est
1633 1155 1657 1175 2.

278 1210 393 1263 quod
428 1210 507 1250 alia
542 1219 605 1250 est
637 1210 834 1249 absoluta
868 1218 908 1248 et
942 1209 1020 1248 alia
1055 1208 1366 1247 condicionata.
1391 1207 1597 1246 Absoluta

276 1294 359 1334 qua
396 1281 508 1320 beati
542 1289 695 1334 petunt
729 1279 832 1319 illud
867 1279 983 1333 quod
1018 1279 1240 1317 intuentur
1272 1278 1312 1316 in
1347 1280 1476 1316 verbo
1510 1291 1599 1317 esse

222 1362 258 1394 15
276 1352 327 1390 ab
363 1352 420 1390 eis
454 1351 688 1405 petendum
719 1359 758 1390 et
792 1364 814 1389 a
848 1349 1024 1388 domino
1059 1348 1394 1399 concedendum,
1421 1361 1516 1387 nam
1541 1348 1599 1387 sic

277 1421 475 1461 Christus
510 1430 549 1460 et
583 1421 719 1472 angeli
761 1419 1000 1459 necessitati
1041 1428 1140 1458 sunt
1175 1427 1317 1471 petere
1351 1431 1428 1470 pro
1469 1430 1598 1457 mem-

278 1491 361 1530 bris
397 1491 556 1532 Christi
602 1491 820 1530 viantibus
867 1499 907 1529 et
952 1498 1051 1529 sunt
1098 1488 1349 1541 regulariter
1396 1488 1597 1528 exauditi.

278 1561 435 1601 Oracio
469 1570 612 1601 autem
638 1561 936 1600 condicionata
969 1569 1031 1598 est
1064 1559 1208 1598 oracio
1232 1572 1316 1612 qua
1352 1572 1428 1598 nos
1464 1559 1597 1612 ignari

182 1631 464 1685 201³petimus
521 1632 635 1685 quod
695 1640 944 1684 reputamus
968 1629 991 1653 '¹‘
1014 1643 1104 1670 esse
1159 1630 1281 1669 nobis
1342 1630 1443 1669 utile
1503 1630 1598 1668 sub-

221 1701 554 1754 20intelligendo
578 1701 891 1750 condicionem,
924 1700 955 1739 si
981 1700 1071 1739 Deo
1112 1700 1290 1753 placeat.
1326 1700 1479 1739 Tereia
1515 1700 1596 1738 dis-

277 1773 430 1812 tinccio
465 1771 676 1811 oracionis
710 1772 875 1824 capitur
908 1784 1035 1823 penes
1070 1771 1173 1809 illud
1209 1784 1287 1824 pro
1318 1784 1404 1823 quo
1435 1780 1596 1821 oratur,

278 1853 324 1883 ut
357 1843 434 1882 alia
470 1852 533 1882 est
566 1842 709 1881 oracio
744 1854 821 1895 pro
858 1840 1122 1880 beatitudine
1157 1850 1197 1880 et
1229 1841 1307 1880 alia
1341 1841 1484 1879 oracio
1519 1854 1596 1893 pro

279 1914 391 1953 bono
425 1913 567 1966 aliquo
603 1912 706 1951 citra
739 1912 888 1964 ipsam,
920 1911 1008 1950 sive
1033 1910 1158 1950 fuerit
1191 1920 1463 1964 perpetuum,
1489 1910 1597 1950 sicut

277 1993 339 2024 est
358 1983 548 2023 remissio
564 1995 672 2036 pene
688 1991 844 2033 eterne,
865 1981 952 2020 sive
971 1982 1132 2020 bonum
1148 1981 1321 2034 aliquod
1343 1981 1597 2034 temporale3

223 2055 347 2095 25sed
397 2054 540 2093 oracio
582 2066 658 2107 pro
699 2052 871 2091 homine
912 2052 1055 2105 quoad
1092 2053 1230 2091 Deum
1264 2052 1450 2092 sumitur
1482 2065 1596 2092 com-

281 2125 468 2164 muniter
502 2137 578 2177 pro
613 2123 753 2176 primo
788 2122 983 2161 membro
1020 2122 1251 2162 famosiori.

246 2202 264 2234 Ι
338 2195 430 2234 Istis
455 2193 669 2247 premissis
697 2193 789 2232 dico
813 2192 927 2246 quod
953 2205 1074 2231 orare
1099 2193 1304 2232 debemus
1329 2192 1408 2232 isto
1444 2192 1596 2231 ultimo

280 2264 407 2303 modo
425 2277 499 2316 pro
524 2263 715 2316 prescitis
736 2263 958 2302 nobiscum
979 2263 1316 2311 conviventibus,
1336 2262 1596 2301 intendendo

279 2335 356 2373 illis
377 2334 538 2373 bonum
559 2334 598 2372 in
620 2334 852 2386 communi,
873 2333 987 2386 quod
1014 2333 1252 2372 secundum
1276 2334 1393 2373 illum
1418 2333 1594 2372 modum

221 2411 262 2443 30
279 2405 478 2444 ultimum
499 2404 707 2457 contingit
732 2418 806 2443 nos
827 2405 883 2443 eis
910 2404 1073 2454 mereri,
1093 2417 1187 2443 cum
1209 2403 1418 2456 contingit
1441 2417 1516 2442 nos
1536 2403 1595 2442 in-

278 2488 398 2514 orare
432 2488 578 2514 eorum
611 2475 866 2514 demeritum
901 2484 954 2530 et,
986 2475 1044 2514 sic
1078 2475 1219 2528 quoad
1251 2488 1322 2514 eos
1347 2487 1421 2513 nec
1454 2483 1596 2513 nostra

279 2546 391 2585 racio
425 2558 501 2584 nec
535 2554 678 2584 nostra
708 2545 927 2598 correpcio
960 2545 1068 2585 foret
1098 2555 1234 2597 cassa3
1274 2557 1421 2583 verum
1452 2552 1594 2583 tamen

280 2616 384 2655 scito
429 2630 452 2655 a
496 2616 618 2656 nobis
665 2616 863 2656 distincte
897 2624 992 2655 ante
1026 2616 1270 2655 oracionem
1305 2615 1420 2668 quod
1456 2613 1593 2654 forent

328 2764 353 2792 5.
374 2766 402 2792 A
423 2765 452 2792 in
475 2772 590 2799 marg:
613 2765 798 2800 Responsio.
825 2765 904 2792 Nota
925 2765 1141 2793 trimembrem
1164 2764 1402 2792 distinccionem
1424 2762 1592 2790 oracionis,

278 2818 322 2846 27.
343 2812 371 2838 A
387 2812 417 2838 in
434 2819 549 2846 marg.:
571 2812 742 2847 Quomodo
756 2817 802 2840 est
816 2813 970 2840 orandum
986 2820 1043 2846 pro
1060 2812 1191 2841 mortuis
1212 2811 1360 2839 continue
1375 2809 1455 2837 infra
1471 2809 1594 2843 (Above

278 2863 344 2885 201⁸
362 2858 490 2885 without
513 2858 599 2886 mark
619 2859 652 2886 of
671 2859 848 2893 reference).
973 2859 1020 2888 30.
1042 2859 1082 2886 B:
1102 2866 1172 2886 cum
1195 2859 1349 2886 continue.
1489 2855 1531 2884 33.
1554 2855 1592 2882 B:

278 2913 315 2933 an
336 2905 523 2933 oracionem.

1442 2952 1484 2995 34

1808 250 1887 301 529

1650 583 1855 624 Distinctions

1666 628 1697 647 in
1718 629 1843 658 prayer:

1642 804 1661 822 i.
1684 797 1806 830 general
1829 805 1864 824 or

1685 832 1825 865 distinc13

1677 1148 1818 1176 absolute
1838 1156 1873 1176 or

1644 1183 1863 1217 conditioned3

1625 1707 1649 1736 3.
1670 1710 1718 1737 for
1740 1710 1814 1738 bliss
1836 1718 1872 1738 or

1630 1744 1679 1772 for
1700 1746 1760 1773 less
1781 1746 1875 1781 good.

1631 2201 1690 2229 We
1711 2210 1781 2239 may
1801 2211 1877 2239 pray

1637 2238 1686 2264 for
1706 2238 1786 2271 good
1809 2239 1870 2265 less

1637 2274 1710 2299 than
1734 2273 1809 2300 bliss
1829 2281 1868 2300 on

1638 2307 1742 2335 belialf
1759 2308 1795 2335 of
1811 2308 1860 2334 the

1650 2342 1850 2377 foretmowm
