2045 3312
154 277 232 316 508

168 822 236 849 The
259 822 407 858 “smum''

158 865 193 884 or
214 858 372 885 character
392 858 417 885 is

877 287 1102 320 JOHANNIS
1129 287 1326 320 WYCLIF.
1540 274 1646 333 [CAP.
1668 286 1749 314 xxi.

440 394 672 446 temporale
706 403 878 447 propter
911 393 1030 434 cuius
1055 393 1393 447 complecionem
1427 404 1632 447 perpetuo
1666 404 1859 451 pre-198b
1880 406 1912 440 ο

440 463 638 515 miantur⁷
671 463 778 504 sicut
811 464 851 503 in
885 463 1072 517 prescitis
1105 473 1248 504 manet
1282 473 1488 517 perpetuo
1527 465 1642 518 quod
1682 465 1762 518 ipsi

440 542 648 587 perpetuo
681 533 919 587 puniuntur
951 543 1123 587 propter
1154 535 1334 574 abusum
1369 533 1431 574 sui
1463 533 1605 587 officii,
1639 544 1678 575 et
1711 535 1763 574 ad

441 604 569 644 istum
591 617 763 644 sensum
788 605 929 644 omnis
954 613 1134 644 caracter
1156 614 1300 645 manet
1322 614 1528 658 perpetuo
1556 604 1598 644 in
1622 604 1764 645 officio

441 675 506 713 vel
540 675 745 715 mercede.
769 676 861 728 Ego
884 684 1028 715 autem
1051 675 1256 729 loquebar
1287 676 1338 714 de
1362 684 1566 715 caractere
1599 685 1644 715 ut
1667 675 1797 721 dicit5

442 743 688 797 simpliciter
709 745 1042 798 deputacionem
1074 746 1126 785 ad
1149 744 1355 796 officium,
1390 759 1465 785 nec
1499 746 1624 786 credo
1647 747 1764 800 quod

441 828 488 854 ex
522 815 725 868 scriptura
747 815 811 854 vel
836 815 1006 855 racione
1030 815 1340 868 improbabitur
1362 829 1509 856 sensus
1543 815 1632 856 iste.
1666 817 1764 856 Non

149 898 201 920 not
223 902 239 920 a
260 894 355 928 thing,
374 893 426 920 but
442 884 553 924 enim
588 894 650 924 est
681 894 863 925 caracter
909 885 1001 925 talis
1047 899 1131 925 una
1174 899 1238 926 res
1283 899 1365 940 que
1406 885 1561 939 poterit
1604 900 1678 940 per
1721 900 1764 926 se

198 937 213 954 a
234 928 378 956 relation.

150 964 248 992 liveri·
269 964 344 991 rani<
373 965 425 990 iias
442 969 543 1006 esse,
592 956 663 994 sed
696 955 937 995 subiectum
981 954 1118 995 taliter
1162 969 1203 995 se
1249 955 1414 997 habere.
1463 957 1543 997 Sed
1577 957 1803 1001 secundo2

172 1004 210 1025 ns
231 996 400 1026 character.

216 1809 269 1835 Yet
291 1809 378 1835 three

183 1848 391 1871 sacranicnlsz

215 1879 361 1913 baptism„

179 1915 398 1942 confirmation

193 1952 252 1977 and
275 1951 384 1977 orders

193 1986 319 2020 iinprint
340 1987 390 2012 the

163 2022 324 2048 character
344 2022 373 2048 in
398 2030 413 2048 a

181 2056 294 2091 special
319 2065 396 2092 way.

441 1026 605 1066 videtur
637 1026 753 1079 quod
784 1025 826 1064 in
860 1024 979 1064 omni
1012 1025 1200 1077 homine,
1235 1034 1274 1065 et
1306 1040 1379 1079 per
1424 1040 1687 1080 consequens
1720 1027 1762 1066 in
1785 1049 1823 1070 :o

443 1096 561 1135 omni
610 1095 756 1136 ordine
807 1104 989 1135 caracter
1039 1095 1311 1149 imprimitur,
1362 1105 1401 1136 et
1456 1096 1512 1137 sic
1562 1111 1678 1151 reges
1725 1107 1764 1137 et

442 1167 595 1207 milites
629 1167 830 1206 haberent
851 1166 1086 1220 gloriosum
1112 1175 1362 1207 caracterem
1386 1168 1764 1221 correspondenter

444 1239 495 1277 ad
528 1252 655 1277 suum
688 1237 893 1278 ordinem.
940 1237 1019 1276 Hic
1059 1236 1154 1277 dico
1187 1239 1304 1291 quod
1336 1246 1503 1277 extense
1543 1238 1764 1292 loquendo

443 1310 492 1347 de
516 1317 718 1348 caractere
743 1306 808 1362 (ut
840 1307 983 1361 supra)
1008 1318 1069 1348 est
1101 1308 1319 1348 conclusio
1350 1308 1632 1360 concedenda,
1667 1322 1765 1347 nam

448 1378 565 1418 omni
611 1378 773 1418 homini
820 1378 994 1432 deputat
1041 1379 1155 1419 Deus
1199 1377 1389 1418 officium
1433 1379 1484 1417 ad
1529 1378 1824 1432 profectum15

449 1449 630 1488 ecclesie.
667 1449 764 1489 Ideo
789 1463 887 1489 cum
910 1458 1078 1502 oportet
1110 1463 1284 1489 omnem
1317 1449 1534 1488 hominem
1571 1463 1658 1489 esse
1682 1463 1764 1489 ser-

448 1534 548 1560 vum
567 1520 721 1560 Christi
745 1520 810 1559 vel
825 1520 991 1572 agendo
1014 1520 1079 1559 vel
1102 1520 1324 1573 paciendo,
1348 1533 1522 1559 omnem
1546 1520 1767 1559 hominem

448 1599 615 1643 oportet
639 1599 805 1643 portare
838 1591 887 1629 de
921 1598 1031 1629 secta
1063 1603 1138 1628 sua
1172 1603 1258 1629 uno
1292 1591 1423 1629 modo
1456 1590 1519 1629 vel
1550 1590 1644 1631 alio.
1678 1591 1765 1630 Nec

446 1661 569 1700 credo
599 1660 785 1714 aliquem
807 1659 1033 1713 infringere
1065 1660 1182 1713 quin,
1205 1659 1311 1699 sicut
1344 1660 1496 1700 milites
1529 1660 1763 1713 spirituales

443 1731 597 1772 Christi
631 1731 786 1770 habent
819 1740 1068 1770 caracterem
1103 1730 1165 1770 sui
1208 1729 1350 1781 officii,
1391 1730 1447 1769 sic
1489 1739 1528 1770 et
1567 1744 1682 1783 reges
1716 1744 1761 1770 ac
1779 1752 1821 1773 20

444 1802 595 1841 milites
630 1802 867 1854 corporales
901 1798 966 1856 (ut
998 1809 1112 1854 patet
1147 1798 1352 1852 inferius).
1387 1801 1431 1839 In
1459 1800 1590 1840 tribus
1620 1809 1760 1840 tamen

443 1871 712 1912 sacramentis
765 1871 998 1924 specialiter
1053 1879 1232 1910 caracter
1283 1870 1553 1923 imprimitur,
1606 1870 1763 1911 scilicet

442 1943 667 1995 baptismo,
693 1940 1020 1981 confirmacione
1044 1949 1083 1980 et
1106 1940 1266 1991 ordine,
1302 1954 1383 1994 que
1405 1940 1483 1980 tria
1505 1950 1762 1981 sacramenta

442 2022 540 2053 sunt
562 2011 807 2051 initerabilia
831 2020 876 2052 ut
905 2010 1043 2050 officia
1073 2019 1328 2050 caracterum
1352 2010 1589 2050 indelebilia
1623 2013 1762 2065 quoad

441 2083 639 2122 effectum
670 2082 737 2121 vel
770 2081 966 2121 fructum.
1001 2082 1111 2120 Nam
1143 2080 1185 2119 in
1209 2080 1421 2133 baptismo
1454 2080 1599 2134 recipit
1621 2095 1762 2121 servus
1781 2093 1819 2126 25

442 2153 596 2193 Christi
636 2152 956 2192 distinccionem
997 2152 1046 2190 ab
1080 2150 1257 2190 omnino
1296 2149 1550 2203 infidelibus,
1589 2151 1631 2191 in
1665 2166 1763 2192 con-

442 2223 686 2264 firmacione
726 2222 1049 2262 roboracionem
1089 2235 1163 2261 sue
1195 2220 1362 2271 milicie,
1407 2221 1447 2260 in
1487 2221 1633 2262 ordine
1666 2236 1764 2263 vero

444 2294 589 2347 recipit
622 2292 879 2345 singularem
912 2291 1216 2331 limitacionem
1259 2304 1383 2344 supra
1423 2291 1552 2331 laicos
1592 2293 1642 2331 ad
1683 2292 1762 2331 mi-

444 2364 663 2404 nisterium
697 2362 958 2402 sacramenti.
993 2362 1047 2402 Et
1070 2361 1126 2401 ita
1158 2361 1350 2401 doctores
1375 2361 1548 2414 palliant
1581 2362 1761 2415 descrip-

443 2435 584 2475 ciones
644 2445 682 2475 et
735 2434 948 2488 applicant
1001 2433 1250 2486 scripturam
1305 2433 1357 2472 ad
1409 2446 1580 2473 sensum
1634 2447 1763 2487 quern
1779 2444 1821 2477 30

443 2514 645 2557 asserunt,
692 2514 737 2545 ut
776 2513 890 2557 patet
933 2505 983 2543 de
1017 2512 1234 2553 caractere,
1275 2503 1324 2542 de
1367 2503 1512 2542 ordine
1546 2511 1585 2543 et
1618 2503 1762 2543 ceteris

443 2590 525 2629 que
558 2575 625 2615 vix
659 2575 813 2614 habent
853 2574 1052 2614 corticem
1092 2573 1340 2627 apparencie
1374 2586 1422 2612 ex
1455 2572 1672 2626 scriptura,
1717 2582 1763 2613 ut

444 2646 638 2685 ordinem
689 2645 914 2685 militarem
968 2645 1113 2684 dicunt
1159 2658 1246 2683 non
1300 2644 1451 2683 habere
1497 2652 1761 2695 caracterem,

444 2716 541 2770 quia
580 2716 646 2755 ille
687 2716 791 2755 ordo
832 2729 918 2753 non
965 2714 1168 2754 limitatur
1212 2714 1263 2753 ad
1303 2713 1538 2753 differenter
1581 2727 1603 2752 a
1648 2712 1762 2752 laicis

444 2785 772 2825 ministrandum
805 2784 1079 2825 ecclesiastica
1113 2793 1371 2823 sacramenta
1405 2782 1474 2838 (de
1507 2796 1595 2836 quo
1628 2781 1818 2837 alibi).35

497 2899 534 2925 13.
556 2901 582 2925 A
606 2899 634 2926 in
657 2906 770 2932 marga
793 2897 975 2933 Responsio.
1097 2904 1135 2924 21.
1158 2898 1184 2923 A
1201 2897 1229 2923 in
1251 2904 1366 2931 marg.:
1389 2896 1420 2923 In
1442 2896 1542 2923 tribus
1558 2895 1762 2922 sacramentis

444 2949 581 2972 caracter
602 2945 783 2980 imponitur.
927 2952 972 2978 24.
997 2945 1040 2971 A:
1062 2942 1240 2971 indelibilia.
