2045 3312
115 266 196 305 258
836 276 1064 309 JOHANNIS
1092 275 1285 308 wvcmr.
1530 259 1638 318 [car.
1659 268 1725 296 xu.

114 391 225 440 nenec-
244 380 679 452 xyycllirsconsilium
702 382 837 435 quod
859 381 1173 421 honorarent
1196 381 1499 434 scripturam
1523 392 1727 427 sacram,
1748 387 1827 422 165n
1846 389 1879 421 E

112 431 501 523 niqmc‘ti'e-‘lsssa'iilytam
550 452 700 491 verbo
744 466 892 505 quam
935 466 1106 505 opere,
1151 451 1267 505 quia
1310 451 1415 490 sine
1465 463 1726 490 conserva-

148 499 353 565 ¹iirriii¹iieia¹cff<lr
404 521 548 561 cione
576 521 726 561 huius
750 521 1227 574 carteimpossibile
1266 530 1339 560 est
1369 521 1728 574 quodmaneat

403 591 623 645 dignitas
675 593 733 632 acl
785 592 1112 645 privilegium
1154 592 1232 630 vel
1285 591 1496 644 aliquod
1540 590 1726 629 bonum

402 662 679 713 gratuitum
727 662 1040 715 capiendum.
1086 662 1180 701 Alie
1227 671 1371 701 autem
1405 671 1513 701 carte
1547 668 1761 713 prosunt5

402 733 660 785 quandoque
693 746 766 785 per
799 733 1007 782 accidens,
1041 734 1111 772 sed
1146 746 1368 786 nunquam
1401 732 1476 770 nisi
1512 731 1551 769 in
1576 731 1726 769 virtute

401 802 644 841 testamenti
679 802 842 841 domini
875 803 1160 855 principaliter
1192 802 1412 842 observati.

111 879 136 906 3.
157 880 181 907 It
201 880 227 906 is
246 879 387 911 obiected
463 872 615 911 Tercio
631 872 918 925 principaliter
932 873 1110 913 obicitur
1125 887 1198 926 per
1212 872 1292 912 hoc
1315 872 1432 926 quod
1456 871 1724 924 privilegium
1741 879 1773 912 F

217 915 280 942 that

137 951 361 1012 Ratrr‘iteslggwlffi
403 955 551 994 regum
585 951 646 981 est
679 942 746 994 pie
770 951 809 982 et
830 942 1154 982 misericorditer
1175 942 1555 995 interpretandum,
1578 955 1726 995 ymmo

137 1005 154 1020 b

124 1020 375 1082 bemienrtceiffilr'ztcd
403 1011 680 1052 necessitante
713 1026 811 1051 casu
844 1013 897 1051 ad
929 1012 1106 1065 aliquod
1140 1012 1439 1051 inconveniens
1478 1011 1725 1065 fugiendum
1748 1031 1786 1052 ιο

309 1077 341 1090 “’
404 1090 465 1121 est
503 1082 640 1121 maius
678 1081 981 1122 inconveniens
1020 1092 1060 1122 et
1093 1082 1394 1121 inconveniens
1426 1081 1567 1121 minus
1606 1081 1725 1120 tolle-

404 1151 599 1192 randum.
640 1153 738 1191 Non
771 1166 870 1205 ergo
903 1152 1114 1205 sequitur:
1149 1153 1247 1192 dato
1280 1152 1500 1205 privilegio
1540 1151 1728 1205 sequitur

402 1222 718 1274 inconveniens,
752 1236 850 1276 ergo
884 1223 1025 1276 ipsum
1066 1232 1126 1263 est
1166 1223 1346 1275 impium
1379 1223 1445 1261 vel
1476 1222 1727 1272 tollendum,

127 1335 157 1367 b)
175 1300 369 1370 {1¹¹ssrilxi‘iiteoe
407 1305 503 1331 cum
538 1302 639 1332 tunc
673 1293 952 1345 evangelium,
977 1293 1117 1347 passio
1142 1293 1295 1333 Christi
1330 1302 1370 1333 et
1402 1306 1530 1332 omne
1563 1293 1726 1331 bonum

110 1356 509 1442 tisbneotivilsssygiinforet
550 1363 802 1415 tollendum,
836 1377 933 1403 cum
967 1364 1187 1403 occasione
1220 1363 1329 1403 male
1362 1372 1529 1415 accepta
1565 1363 1727 1401 malum
1748 1372 1783 1404 15

157 1442 335 1495 οοςειρῑοὲιειι
403 1446 451 1471 ex
496 1433 568 1471 illo
614 1433 819 1486 provenit.
867 1434 920 1473 Et
973 1434 1098 1474 istum
1154 1434 1369 1473 obiectum
1415 1434 1596 1472 clamant
1639 1441 1725 1471 tam

191 1484 308 1511 mone.
402 1503 607 1542 scolastici
653 1518 781 1557 quam
827 1505 1017 1557 vulgares
1051 1505 1091 1543 in
1125 1513 1293 1544 tantum
1326 1504 1442 1557 quod
1476 1517 1585 1543 unus
1624 1502 1723 1541 iuri-

401 1573 518 1612 dicus
571 1573 672 1613 dixit
724 1574 849 1613 michi
905 1575 1064 1613 nullam
1119 1589 1206 1614 esse
1258 1575 1393 1627 legem
1446 1573 1725 1613 universalem

402 1642 645 1693 humanam,
671 1644 771 1697 quin
803 1658 901 1697 sepe
934 1645 974 1683 in
1009 1659 1105 1684 casu
1141 1658 1308 1684 necesse
1342 1644 1393 1683 sit
1424 1658 1471 1682 ex
1506 1643 1573 1682 illa
1605 1643 1720 1695 sequi

402 1712 654 1752 iniusticiam
714 1715 953 1754 iudicando.
1018 1715 1115 1754 Ideo
1168 1714 1425 1754 attendendo
1478 1714 1529 1752 ad
1587 1712 1722 1751 maius
1741 1732 1782 1753 πο

402 1784 565 1822 bonum
599 1783 757 1824 fructus
791 1798 920 1838 quam
954 1785 1116 1823 malum
1149 1784 1351 1835 desectus,
1405 1784 1528 1823 debet
1561 1782 1721 1821 malum

402 1854 557 1893 nedum
592 1854 776 1906 permitti
810 1855 881 1893 sed
915 1853 998 1893 fieri
1034 1864 1206 1907 propter
1239 1855 1413 1893 bonum.

173 1920 321 1947 Answer:
463 1925 527 1962 Ad
553 1924 678 1963 istum
707 1925 918 1964 obiectum
955 1926 1191 1977 respondeo
1226 1925 1497 1963 concedendo
1531 1937 1723 1976 assump-

110 1955 141 1985 α)
159 1954 218 1982 We
234 1960 320 1989 grant
335 1955 385 1982 tlte

110 1990 513 2059 Ἳῗξὲῐζῇίῑρῇἱζ;,ὲῖ““ῑυη];
572 1995 642 2033 sed
678 2008 752 2034 nec
785 1995 849 2034 lex
883 1995 955 2034 Dei
991 2008 1065 2033 nec
1098 1995 1238 2048 aliqua
1270 1995 1331 2033 lex
1367 1994 1472 2033 iusta
1506 1993 1727 2033 necessitat

118 2061 316 2124 ¹²¹⁸⁰¹¹wffl¹f¹
339 2061 375 2087 bc
400 2065 451 2102 ad
496 2064 656 2117 aliquid
705 2065 969 2118 culpabiliter
1013 2064 1267 2113 faciendum,
1313 2064 1407 2103 ideo
1454 2077 1619 2102 necesse
1665 2073 1725 2102 est
1744 2073 1783 2104 ’,ἡ

401 2135 511 2187 leges
561 2135 661 2174 tales
719 2135 870 2174 habere
918 2136 1148 2187 prudentes
1196 2135 1440 2186 interpretes
1491 2134 1724 2172 secundum

401 2217 571 2243 sensum
618 2218 730 2244 sacre
775 2204 994 2257 scripture,
1040 2213 1086 2243 ut
1131 2214 1218 2243 tam
1250 2203 1560 2256 privilegiantes
1594 2217 1722 2256 qnam

400 2274 649 2327 privilegiati
694 2275 824 2314 active
873 2283 912 2314 et
957 2274 1119 2327 passive
1164 2273 1415 2326 participant
1461 2273 1724 2312 meritorium

402 2344 585 2384 fructum
628 2345 844 2398 privilegii,
890 2345 1048 2384 salvato
1082 2357 1247 2397 semper
1292 2343 1379 2382 iure
1424 2342 1646 2382 cuiuslibet
1688 2352 1726 2382 et

398 2415 634 2468 postposita
664 2415 909 2468 generaliter
943 2414 1090 2454 iniuria
1123 2414 1422 2467 undequaque.
1474 2413 1593 2452 Unde
1634 2427 1719 2452 non
1744 2422 1786 2454 30

399 2495 460 2524 est
491 2485 687 2539 possibile
705 2485 730 2513 ²³³
744 2486 881 2538 legem
902 2494 1058 2525 rectam
1081 2484 1204 2525 statui
1230 2493 1269 2524 et
1292 2497 1437 2523 casum
1467 2483 1725 2535 contingere,
1749 2492 1826 2525 1:351.

401 2557 501 2608 quin
547 2557 783 2595 secundum
827 2556 1013 2609 regulam
1062 2569 1173 2595 sacre
1218 2554 1419 2607 scripture
1453 2553 1541 2593 tolli
1590 2562 1728 2605 potest

400 2626 699 2665 inconveniens
731 2625 903 2677 peccati,
936 2625 1034 2678 quia
1066 2626 1118 2664 ad
1151 2624 1376 2663 minimum
1409 2637 1493 2662 non
1531 2623 1728 2662 existente

453 2782 474 2801 ι.
506 2775 532 2801 A
555 2774 574 2800 Β
604 2773 632 2801 in
661 2781 776 2808 marg:
808 2772 984 2801 Consilium
1008 2773 1136 2800 bonum.
1284 2772 1310 2799 S.
1339 2772 1366 2799 A
1395 2771 1423 2798 in
1452 2779 1567 2805 marjan:
1600 2770 1726 2798 Contra.

400 2819 512 2848 Tereia
534 2820 685 2847 obieccio.
833 2827 869 2846 12.
895 2820 932 2845 15:
961 2818 1031 2846 Non
1053 2828 1126 2854 ergo
1144 2835 1171 2839 —
1188 2819 1358 2846 tollendum
1381 2825 1450 2844 cnm
1469 2818 1555 2845 deest
1577 2819 1603 2844 in
1624 2823 1726 2848 textu:

401 2872 480 2894 extat
502 2867 529 2894 in
552 2875 648 2902 marg.
671 2866 724 2893 inf.
840 2867 880 2893 223.
904 2867 930 2893 A
946 2866 974 2893 in
998 2874 1111 2900 marga
1136 2865 1321 2901 Responsio.
1439 2872 1485 2900 ες».
1509 2865 1532 2891 A
1556 2864 1584 2891 in
1609 2872 1726 2897 marga

404 2914 584 2940 Conclusio.
