2045 3312
297 282 386 310 CAP.
407 271 533 330 xxm]
790 285 847 316 DE
875 284 1109 317 ECCLESIA.
1826 270 1898 324 57¹

144 391 625 446 M205‘1Consequencia
678 399 796 442 patet
850 403 898 429 ex
950 390 1030 429 hoc
1084 390 1200 443 quod
1254 402 1383 441 penes
1431 389 1508 427 hoc
1555 397 1616 426 est

297 471 485 516 potestas
533 462 682 512 maior,
707 473 826 500 *cum
860 474 1009 500 omnes
1043 460 1109 499 ille
1143 460 1226 499 sint
1259 459 1440 498 univoce
1482 458 1618 498 consi-

298 533 409 572 milis
439 532 614 585 speciei3
646 540 686 572 et
719 531 975 571 antecedens
1009 530 1194 581 videtur,
1231 539 1322 569 turn
1356 529 1456 582 quia
1490 541 1619 582 super

300 612 438 643 totum
474 602 722 642 thesaurum
760 601 933 641 ecclesie
968 600 1218 639 dominatur
1251 613 1375 652 papa,
1412 599 1485 652 qui
1527 599 1618 638 the-

265 682 448 715 §saurus
501 682 562 712 est
608 671 932 726 quodammodo
978 670 1188 721 infinitus,
1239 679 1333 709 tum
1381 670 1480 722 quia
1536 683 1619 708 non

298 752 361 782 est
393 743 491 782 dare
530 751 637 796 quot
670 742 862 795 personis
897 750 1038 794 potest
1068 755 1178 794 papa
1215 740 1466 780 thesaurum
1501 740 1618 779 illum

299 813 554 853 distribuere
588 826 662 853 nec
697 813 747 851 ad
783 821 1010 865 quantum.

259 882 283 914 2
358 884 478 933 Item,
533 883 702 922 videtur
755 883 872 936 quod
926 896 1035 935 papa
1084 882 1211 922 debet
1257 895 1305 921 ex
1355 881 1683 925 conscienciam
1714 896 1825 925 should
1856 903 1911 922 use

301 953 436 993 facere
469 953 723 1006 generaliter
762 953 866 993 illud
901 967 1009 1006 opus
1045 953 1337 992 misericordie
1371 952 1617 1004 spiritualis,
1636 937 1661 995 i}
1679 932 1782 1004 {3513}
1804 940 1844 994 (ἐξ
1862 931 1914 993 ιῑῖῑῖ

205 1034 396 1066 206³¹1mm
450 1032 602 1077 potens
649 1022 1079 1063 relevarersratrem
1125 1036 1252 1062 suum
1308 1031 1348 1061 et
1401 1001 1914 1073 inexcusa-ffvehagssffinssffif}

302 1094 440 1135 biliter
472 1094 670 1134 differens
704 1107 838 1147 usque
874 1094 923 1133 ad
961 1102 1142 1133 mortem
1177 1094 1444 1146 corporalem
1479 1092 1619 1132 fratris
1733 1081 1816 1100 save‘

300 1165 365 1204 sui
410 1174 471 1205 est
516 1179 611 1205 reus
657 1164 893 1217 homicidii,
940 1178 1041 1218 ergo
1082 1164 1218 1204 multo
1252 1164 1384 1217 magis
1419 1163 1615 1203 differens

302 1235 480 1275 liberare
524 1235 698 1275 fratrem
739 1249 760 1274 a
795 1244 932 1275 morte
985 1235 1212 1289 spirituali,
1268 1234 1511 1274 cuiusmodi
1564 1243 1626 1274 est

303 1306 550 1359 quicunque
583 1319 693 1359 papa
729 1319 880 1345 avarus
915 1306 965 1345 de
1000 1305 1270 1357 indulgencia
1305 1305 1512 1357 generali,
1550 1318 1624 1344 nec

249 1384 286 1417 15
305 1377 415 1416 valet
449 1376 587 1416 dicere
634 1377 749 1430 quod
784 1385 972 1430 potestas
1006 1376 1156 1429 prelati
1190 1377 1231 1415 in
1267 1376 1348 1415 isto
1388 1375 1623 1426 vilesceret,

304 1446 403 1501 quia
428 1448 681 1500 generaliter
703 1456 952 1500 potentatus
977 1460 1025 1486 ex
1050 1445 1242 1486 beneficii
1267 1446 1545 1499 percepcione
1580 1444 1627 1484 fit

305 1517 454 1558 carior.
478 1517 620 1567 Quam
641 1531 741 1570 ergo
759 1517 1082 1557 excusacionem
1099 1517 1274 1556 haberet
1291 1517 1363 1569 qui
1386 1531 1406 1555 a
1424 1516 1627 1568 dampna-

305 1587 426 1627 cione
459 1596 665 1641 perpetua
700 1596 844 1640 posset
877 1587 1121 1640 proximum
1146 1587 1325 1626 liberare
1349 1599 1478 1640 quem
1502 1587 1628 1625 debet

307 1658 479 1711 diligere
513 1668 559 1697 ut
593 1672 635 1698 se
669 1658 825 1711 ipsum,
869 1667 908 1697 et
944 1668 1085 1697 tamen
1119 1657 1208 1696 sine
1242 1657 1410 1696 racione
1443 1655 1629 1697 omittit?

251 1746 290 1768 20
307 1728 528 1782 Numquid
546 1729 612 1768 ille
637 1729 702 1768 cui
728 1738 979 1781 preceptum
996 1736 1059 1767 est
1082 1728 1271 1767 eciamin
1296 1728 1476 1767 sabbato
1493 1736 1627 1766 extra-

309 1799 407 1838 here
433 1800 585 1837 bovern
611 1798 750 1838 fratris
774 1799 824 1838 de
851 1807 981 1851 puteo
1011 1811 1096 1837 non
1120 1798 1307 1837 incurret
1326 1797 1630 1850 prevaricacio·

309 1882 420 1917 nem,
452 1869 483 1908 si
516 1869 690 1921 negligit
712 1869 891 1908 liberare
916 1868 1101 1908 animam
1136 1868 1319 1922 proximi
1353 1869 1405 1907 ab
1439 1866 1630 1908 inferno?

309 1939 351 1978 Si
404 1939 648 1992 ignorancia
693 1939 926 1978 voluntatis
981 1939 1122 1978 divine
1171 1947 1359 1990 excusat,
1408 1939 1629 1992 quomodo

309 2009 432 2049 alicui
477 2008 707 2048 concedere
752 2009 879 2048 talem
924 2009 1241 2061 indulgenciam
1283 2022 1390 2062 papa
1426 2005 1630 2061 temptat?

258 2085 294 2117 N
367 2079 486 2128 Item,
522 2079 661 2132 posito
696 2079 810 2132 quod
846 2080 983 2119 dictus
1016 2093 1125 2132 papa
1161 2079 1395 2132 Gregorius
1429 2079 1539 2118 laxet
1578 2079 1629 2117 ad

310 2158 477 2190 tantum
511 2150 825 2203 plenitudinem
874 2150 1096 2203 potestatis
1131 2158 1344 2203 quantum
1380 2149 1495 2187 Deus
1534 2163 1626 2201 per-

312 2220 487 2270 miserit,
524 2230 564 2260 et
596 2229 783 2273 potestas
817 2220 897 2260 sibi
931 2220 1029 2260 data
1063 2220 1276 2260 suffecerit
1309 2220 1360 2258 ad
1392 2220 1629 2259 iuvandum

312 2290 485 2343 spiritus
518 2291 558 2329 in
604 2290 784 2342 inferno,
833 2291 874 2330 in
920 2291 1171 2344 purgatorio
1225 2299 1265 2330 et
1316 2291 1397 2329 hoc
1452 2291 1628 2340 mundo,

315 2370 352 2399 et
398 2360 455 2399 sic
502 2361 707 2400 concedat
752 2361 992 2414 cuicunque
1038 2361 1276 2414 presbitero
1316 2360 1628 2413 plenitudinem

257 2430 467 2469 3ovicarie
513 2431 736 2483 potestatis
782 2431 834 2470 ad
883 2431 1195 2470 absolvendum
1237 2440 1277 2470 et
1319 2430 1629 2483 indulgendum

315 2501 566 2552 generaliter
591 2510 676 2540 tam
703 2501 822 2541 vivos
854 2515 983 2555 quarn
1010 2510 1220 2551 mortuos,
1246 2510 1630 2555 quantumcunque

314 2569 451 2610 claves
496 2572 666 2611 ecclesie
717 2571 1000 2625 permiserint,
1049 2584 1169 2611 casus
1222 2584 1305 2610 non
1352 2570 1523 2610 videtur
1564 2584 1631 2609 ne-

368 2706 395 2734 8.
418 2707 440 2734 Β
461 2708 490 2734 in
515 2715 632 2742 marg-2
655 2708 739 2742 Quid
761 2712 851 2735 sonat
873 2708 1003 2735 verbum
1027 2707 1220 2743 legistarum,
1242 2707 1357 2734 scilicet
1378 2707 1461 2743 quod
1482 2706 1631 2734 dominus

313 2763 393 2790 papa
426 2762 487 2782 non
521 2755 649 2782 remittit
682 2755 863 2790 regulariter
897 2755 1071 2783 secundum
1102 2760 1221 2790 partem
1242 2759 1390 2789 quantam
1411 2754 1463 2781 sed
1492 2757 1630 2789 quotam.

313 2801 374 2829 vid.
396 2810 465 2837 pag.
488 2802 549 2837 752,
571 2803 589 2828 1.
614 2802 660 2830 30.
807 2802 843 2830 13.
865 2801 905 2828 ss:
926 2801 1052 2829 fratrem
1077 2802 1169 2829 deest⁴
1315 2808 1360 2835 20.
1384 2800 1423 2827 ss:
1447 2800 1481 2826 Et
1502 2800 1560 2827 dic.

371 2907 391 2941 8
430 2909 481 2942 Cf.
510 2910 595 2951 Hus,
622 2909 712 2952 Opp.
740 2910 763 2949 Ι,
795 2907 897 2951 ¹84⁸·
