2045 3312
109 271 188 310 268
840 281 1064 314 JOHANNIS
1091 280 1287 313 WYCLIF.
1519 269 1625 327 [CAP.
1640 279 1706 307 xu.

131 395 356 458 [iz-liliofffitgrens
454 388 565 426 Mala
602 397 743 427 autem
784 388 1049 427 consuetudo
1090 396 1262 440 propter
1292 387 1574 428 maioritatem
1613 388 1719 441 peri-
1743 400 1873 434 numm

122 452 232 493 robted
259 471 313 516 <fut
333 471 362 493 at
397 457 479 498 culi
514 467 574 498 est
605 458 755 511 pocius
789 458 1046 511 extirpanda,
1086 457 1249 497 dicente
1294 458 1460 497 decreto
1505 459 1544 498 d.
1589 459 1720 499 V11111:

197 508 285 528 onec.
394 528 518 567 [Μαῖα
551 528 815 567 consuetudo
843 541 924 566 non
950 529 1091 567 minus
1113 541 1242 580 quam
1260 528 1513 579 perniciosa
1537 541 1719 581 corrup-

390 599 476 638 tela
510 605 571 637 est
601 597 848 646 abicienda;
870 611 951 650 que
985 598 1066 637 nisi
1088 598 1223 637 cicius
1248 597 1461 638 radicitus
1493 599 1721 650 evellatur,

392 669 434 708 in
451 668 791 722 privilegiorum
817 669 884 708 ius
907 668 959 707 ab
988 669 1130 720 impiis
1155 669 1406 720 assumitur,
1438 675 1476 708 et
1504 669 1754 720 incipiuntfi

388 739 774 791 prevaricaciones
812 745 851 778 et
882 740 1003 777 varie
1028 739 1405 790 presumpciones,
1438 739 1719 779 celeberrime

393 822 476 847 non
502 821 764 861 compresse,
792 821 878 860 pro
903 808 1071 861 legibus
1097 809 1299 848 venerari
1321 814 1361 848 et
1375 808 1718 862 privilegiorum

394 891 514 919 more
538 885 753 931 perpetuo
791 878 1020 918 celebrari.
1076 878 1128 917 Et
1167 877 1378 917 sentencia
1410 877 1534 917 huius
1567 879 1719 918 decreti

392 947 601 988 verificata
645 958 705 987 est
745 948 927 987 nimium
971 947 1049 986 hiis
1083 948 1244 999 diebus,
1290 949 1401 987 unde
1433 948 1484 987 ad
1517 948 1718 1002 interpre-

395 1019 573 1057 tandum
610 1018 907 1057 rectitudinem
945 1017 1264 1057 consuetudinis
1303 1027 1342 1057 et
1374 1018 1574 1072 privilegii
1621 1020 1715 1058 sub·
1740 1041 1778 1061 10

397 1089 533 1142 iungit
576 1090 790 1128 decretum
829 1089 905 1127 sub
950 1088 1195 1127 auctoritate
1239 1088 1483 1140 Augustini:
1541 1090 1719 1129 Ver-itate

101 1173 199 1214 ”rrum
216 1175 240 1201 1⁵
253 1176 383 1202 osmom
400 1159 676 1213 manifestata
701 1160 826 1200 cedat
857 1158 1122 1199 consuetudo
1157 1160 1340 1198 veritati.
1376 1160 1510 1199 Nemo
1543 1172 1720 1199 consue-

136 1211 341 1279 Wciiiiiltoiiifn
398 1231 587 1270 tudinem
625 1230 792 1269 racioni
823 1236 862 1269 et
893 1230 1063 1268 veritati
1087 1236 1320 1281 preponat,
1361 1230 1463 1281 quia
1495 1236 1721 1269 consuetu-

394 1301 537 1341 dinem
571 1302 692 1340 racio
725 1308 764 1341 et
795 1301 954 1339 veritas
988 1312 1159 1351 semper
1190 1299 1440 1338 excludunt.
1476 1299 1590 1339 Cum
1622 1313 1720 1351 ergo

395 1371 505 1411 racio
541 1371 740 1410 naturalis
768 1380 806 1409 et
828 1370 978 1409 veritas
1008 1369 1209 1422 scripture
1239 1378 1431 1422 patenter
1460 1369 1719 1409 convincunt
1740 1381 1776 1412 15

394 1442 509 1495 quod
543 1441 704 1481 dictum
737 1440 1005 1493 privilegium
1039 1452 1124 1478 non
1158 1440 1281 1478 debet
1314 1438 1487 1490 intelligi
1521 1440 1633 1478 nude
1668 1440 1718 1478 ad

392 1511 567 1561 literam,
603 1511 673 1550 sed
706 1510 873 1550 racione
907 1519 946 1549 et
976 1510 1150 1549 veritate
1183 1509 1388 1548 limitante
1422 1508 1718 1548 condicionem

391 1596 488 1634 sepe
512 1581 759 1634 expositam,
794 1581 925 1633 aptari
950 1580 1072 1619 debet
1095 1579 1303 1632 singulare
1327 1579 1542 1632 pertinens
1567 1592 1714 1618 secun-

392 1653 492 1691 dum
528 1650 876 1690 distribuciouem
909 1650 1200 1689 accomodam.

451 1723 526 1761 Per
560 1721 633 1761 hec
673 1730 787 1775 patet
819 1721 934 1774 quod
969 1721 1103 1760 forma
1145 1720 1380 1772 argumenti
1420 1720 1536 1773 quod
1576 1720 1746 1772 primol
1772 1730 1807 1762 N

102 1805 160 1832 and
177 1805 319 1843 maiqesir
338 1814 375 1831 an
393 1791 583 1831 innuitur
614 1805 698 1830 non
729 1791 931 1844 procedit,
954 1800 1047 1830 tum
1071 1790 1169 1843 quia
1193 1790 1313 1829 multi
1338 1790 1468 1829 sancti
1487 1799 1717 1842 potuerunt

145 1842 333 1909 mstgt'ggient
392 1861 745 1900 consuetudinem
761 1860 992 1913 predictam
1016 1859 1249 1912 improvide
1273 1860 1528 1912 approbasse
1561 1869 1600 1899 et
1622 1870 1717 1912 post

393 1931 634 1984 penituisse,
674 1931 737 1970 vel
778 1930 918 1984 potuit
957 1930 1085 1970 fuisse
1125 1939 1224 1969 tunc
1265 1930 1531 1969 consuetudo
1572 1930 1715 1969 lauda—

391 2001 482 2040 bilis
515 2011 688 2054 propter
711 2014 836 2040 usum
859 2001 1117 2051 modestum,
1150 2001 1221 2039 sed
1245 2001 1377 2039 modo
1400 2013 1568 2039 versum
1592 1999 1716 2039 fuisse

389 2072 428 2110 in
462 2072 742 2124 corruptelam
765 2070 859 2110 fidei
885 2070 1134 2110 contrariam
1157 2079 1328 2123 propter
1351 2070 1505 2109 malam
1535 2083 1711 2109 consue-
1733 2080 1772 2110 25

389 2142 579 2182 tudinem
595 2140 906 2193 superadditam
929 2140 1065 2193 gracia
1087 2140 1293 2192 cupidinis
1317 2150 1577 2192 usurpatam.
1595 2140 1716 2179 Unde

388 2212 418 2249 si
448 2200 557 2250 racio
583 2211 657 2249 ista
680 2211 935 2262 procederet,
961 2223 1182 2262 nunquam
1205 2210 1470 2262 impugnaret
1485 2210 1714 2249 catholicus

388 2281 548 2320 malum
575 2294 712 2330 usum,
731 2280 802 2318 sed
834 2293 880 2318 ex
905 2278 1212 2318 consuetudine
1232 2279 1429 2331 peccandi
1448 2279 1715 2331 proscriberet

387 2351 626 2390 membrum
651 2350 804 2388 diaboli
831 2359 972 2388 contra
997 2350 1146 2400 Deum,
1166 2349 1284 2388 cuius
1306 2349 1554 2401 oppositum
1572 2350 1716 2388 docuit

388 2420 579 2461 Christus
633 2419 959 2458 consuetudines
1004 2418 1253 2471 pliariscicas
1302 2418 1538 2458 acutissime
1571 2430 1772 2471 repro-30

388 2491 541 2541 bando,
561 2490 775 2528 mundana
798 2503 896 2528 vero
921 2488 1174 2541 prosperitas
1193 2498 1279 2528 tam
1306 2489 1345 2527 in
1370 2488 1559 2541 personis
1583 2502 1712 2541 quam

389 2561 427 2598 in
462 2560 596 2612 regnis
631 2570 690 2598 est
723 2573 819 2611 sepe
853 2559 1027 2597 kalende
1058 2558 1335 2610 preparatorie
1367 2559 1419 2596 ad
1452 2557 1629 2596 ruinam.

442 2694 460 2713 1.
492 2684 568 2712 Ain
597 2692 714 2718 marg:
744 2683 823 2711 Mala
851 2684 1058 2712 consuetudo.
1095 2684 1117 2711 Β
1151 2684 1180 2711 iu
1213 2691 1327 2717 marga
1362 2683 1405 2710 De
1432 2681 1712 2710 consuctudinibus

387 2731 558 2759 abiciendis
590 2736 659 2758 nota
691 2732 778 2757 bene.
902 2739 934 2758 ιι.
965 2731 993 2758 Λ
1024 2731 1052 2757 iu
1085 2738 1199 2763 marga
1231 2729 1437 2764 Augustinus.
1559 2727 1650 2755 1213.
1672 2727 1711 2754 B:

388 2778 647 2805 consuetudinem
661 2793 691 2797 —
705 2777 776 2811 quia
797 2776 892 2803 deest.
996 2783 1041 2803 20.
1058 2777 1083 2803 Α
1099 2776 1127 2802 in
1142 2784 1253 2810 marga
1270 2775 1317 2802 Ad
1333 2775 1480 2809 primum.
1555 2774 1596 2801 21³.
1613 2775 1642 2800 A
1655 2775 1709 2808 Αμ

387 2823 478 2851 Tunc
497 2839 531 2844 —
551 2832 673 2851 versum
695 2822 790 2850 fuisse
816 2822 913 2849 deest.

450 2919 477 2939 2.
508 2907 641 2939 Decreti
670 2907 680 2939 Ι
710 2917 801 2950 parS,
830 2905 914 2937 nist.
943 2906 1031 2946 Vlll,
1058 2914 1087 2937 c.
1114 2906 1169 2937 lll.
1319 2916 1368 2937 ii.
1397 2904 1440 2936 ib.
1468 2915 1495 2936 c.
1524 2905 1578 2936 IV.
