2045 3312
113 285 191 338 348
830 290 1057 325 JOHANNIS
1084 291 1127 321 w
1136 289 1286 322 YCLiF.
1524 273 1631 331 [cap⁸
1654 283 1722 312 xv,

399 401 668 440 vehementer
718 397 982 446 extenditur,
1029 395 1203 450 quando
1242 399 1453 447 peccator
1478 406 1563 445 pro
1604 402 1875 448 reve-177b0

400 471 546 511 rencia
569 470 738 510 ordinis
761 471 1014 509 honoratur.
1034 466 1277 520 Episcopus
1300 466 1444 517 itaque
1467 463 1541 516 qui
1571 463 1722 502 talium

399 541 582 581 crimina
617 554 698 580 non
733 540 911 593 corrigit
935 538 1075 592 magis
1103 535 1311 576 dicendus
1345 541 1408 575 est
1436 534 1558 574 canis
1585 535 1723 586 impu-

398 611 520 651 dicus
554 625 682 665 quam
717 611 959 663 episcopus.
1007 608 1098 659 Ista,
1131 607 1319 660 inquam,
1353 605 1442 645 iura
1480 612 1725 643 sanctorum

400 681 495 721 ideo
529 681 796 735 incorporata
828 688 926 720 sunt
959 679 999 717 in
1035 691 1209 728 canone,
1244 689 1330 715 non
1363 684 1409 714 ut
1450 674 1566 727 palea
1586 674 1610 696 ‘³'
1632 686 1723 726 per·
1746 687 1821 728 ¹77⁰

401 761 530 805 petuo
576 760 806 803 taceantur,
855 750 926 789 sed
971 758 1017 789 ut
1062 748 1113 787 acl
1157 747 1328 787 laudem
1373 745 1588 785 bonorum
1627 756 1726 783 cum

400 821 606 862 modestia
652 822 913 874 detegantur.
978 820 1030 859 Et
1074 818 1167 858 dico
1212 830 1308 857 cum
1361 814 1581 865 modestia,
1627 813 1726 867 quia

400 892 605 945 contingit
647 891 867 931 hominem
899 890 941 929 in
975 888 1152 928 dicendo
1185 887 1401 927 veritatem
1433 885 1612 925 modum
1657 897 1724 923 ex-

401 963 557 1013 cedere,
591 970 637 1001 ut
668 969 838 1001 notatur
870 960 912 999 in
944 958 1117 998 decretis
1140 959 1212 1010 Va,
1242 971 1280 1011 q.
1304 958 1377 1009 Va,
1406 956 1491 1005 Qui
1513 954 1724 1004 ambulat,

401 1033 471 1072 ubi
505 1032 711 1072 solvendo
746 1029 1044 1084 apparenciam
1077 1027 1358 1081 repugnancie
1382 1026 1422 1065 in
1446 1026 1524 1065 ista
1552 1025 1725 1065 materia
1744 1049 1783 1069 10

401 1103 457 1143 sic
490 1102 701 1143 scribitur:
755 1100 887 1142 Aliud
918 1107 980 1140 est
1011 1114 1066 1140 ex
1099 1099 1280 1139 caritate
1313 1097 1499 1137 aliorum
1540 1095 1725 1135 crimina

401 1173 588 1228 deferre,
625 1179 670 1213 ut
700 1185 806 1225 quos
838 1177 1006 1211 secreta
1041 1169 1351 1210 ammonicione
1384 1167 1608 1220 corrigere
1641 1179 1723 1205 non

394 1257 644 1298 possumus,
681 1243 892 1283 convictos
925 1241 1079 1281 iudicis
1110 1239 1329 1280 sentencia
1353 1237 1574 1291 corripiat,
1598 1242 1726 1289 atque

401 1314 522 1355 aliud
573 1321 634 1354 est
685 1313 933 1353 insidiando
968 1312 1098 1366 salsa
1152 1310 1319 1350 obicere
1364 1309 1430 1349 vel
1474 1307 1725 1348 insultando

401 1399 504 1426 vera
524 1385 666 1440 facile
689 1384 946 1438 exprobare.
971 1381 1093 1422 Illud
1116 1394 1218 1422 vero
1241 1379 1452 1430 caritatis,
1476 1378 1553 1418 lzoc
1582 1384 1724 1417 autem
1745 1388 1781 1420 15

402 1464 463 1497 est
490 1456 718 1509 impietatis
740 1454 946 1509 officium.
979 1452 1100 1492 Unde
1124 1450 1326 1491 Proverb.
1350 1448 1455 1499 XII,
1483 1447 1520 1500 6,
1543 1449 1725 1489 dicitur:

408 1527 545 1567 Verba
590 1526 822 1579 impiorum
867 1523 1131 1564 insidiantur
1172 1520 1394 1575 sanguini,
1434 1532 1480 1559 os
1513 1519 1724 1559 iustorum

403 1598 557 1638 liberat
595 1609 679 1636 eos.
716 1596 767 1635 Et
799 1593 923 1634 infra:
964 1593 1047 1642 Qui
1077 1592 1193 1646 quod
1225 1591 1339 1631 novit
1372 1589 1563 1643 loquitur
1596 1587 1726 1628 iudex

402 1668 568 1708 iusticie
589 1673 665 1715 est,
687 1666 760 1719 qui
781 1671 925 1705 autem
950 1663 1153 1704 mentitur
1174 1663 1289 1702 testis
1312 1659 1726 1714 estfraudulentus.

402 1739 583 1791 Oportet
615 1750 713 1789 ergo
746 1743 1032 1775 accusatorem
1055 1746 1214 1773 servare
1237 1731 1521 1785 integritatem
1544 1728 1726 1769 veritatis
1743 1750 1785 1772 20

402 1818 441 1849 et
485 1806 780 1848 rectitudinem
825 1803 1090 1845 intencionis.
1126 1803 1218 1857 Ego
1251 1811 1395 1842 autem
1426 1813 1624 1854 preservo
1657 1812 1724 1838 me

401 1894 424 1919 a
457 1879 660 1918 descensu
693 1877 744 1916 ad
777 1875 1006 1930 singularia
1038 1874 1260 1928 quiescens
1293 1886 1411 1913 more
1444 1869 1723 1925 philosopho-

403 1963 498 1989 rum
530 1949 570 1988 in
607 1946 828 1988 communi
862 1945 1087 1986 sentencia.

110 2024 389 2090 ffissfflecc'teipssnsas
462 2019 657 2059 Secundo
710 2016 892 2057 obicitur
943 2029 1017 2069 per
1067 2015 1148 2055 hoc
1200 2014 1318 2068 quod
1369 2020 1537 2066 oportet
1587 2019 1764 2064 partes2
1789 2021 1823 2054 P

109 2082 389 2166 sffffisJ’Oghfilghe
405 2089 577 2130 ecclesie
629 2088 779 2128 habere
845 2100 967 2126 suam
1030 2084 1370 2125 iurisdiccionem
1434 2093 1474 2123 et
1532 2082 1725 2123 ordinem
1741 2091 1781 2123 25

152 2165 182 2200 iu
208 2174 245 2201 ge
265 2166 354 2194 itself-
406 2159 746 2213 impermixtum3
791 2158 862 2197 sed
907 2157 1040 2197 clerus
1073 2165 1134 2195 est
1167 2154 1341 2195 seculari
1374 2163 1488 2207 parte
1521 2152 1724 2206 superior,

404 2231 499 2270 ideo
548 2229 770 2283 supposito
815 2227 968 2267 delicto
1013 2226 1135 2265 debet
1181 2225 1329 2278 corrigi
1378 2238 1450 2277 per
1495 2238 1536 2263 se
1568 2224 1723 2276 ipsum.

405 2300 694 2341 Confirmatur
726 2312 799 2352 per
831 2298 912 2337 hoc
945 2297 1060 2351 quod
1094 2296 1151 2335 sic
1184 2304 1244 2335 est
1277 2295 1317 2333 in
1352 2294 1491 2334 celesti
1525 2294 1725 2334 ierarchia

403 2372 442 2410 in
477 2384 559 2424 qua
599 2378 766 2423 oportet
805 2367 1030 2421 exemplari
1065 2379 1192 2406 omne
1225 2364 1415 2405 officium
1450 2363 1724 2404 ecclesiastice

401 2440 607 2481 ierarchie.
1741 2444 1782 2475 30

457 2598 474 2617 1.
498 2590 525 2616 iu
545 2590 665 2616 decret:
687 2588 836 2623 quoniam
855 2591 1008 2623 peccator.
1120 2585 1199 2612 213:
1225 2583 1400 2620 Episcopus
1422 2583 1450 2610 in
1467 2587 1628 2619 quantum.
1652 2584 1677 2610 Α
1694 2583 1723 2610 iu

404 2644 518 2670 marga
540 2635 621 2663 Nota
643 2635 802 2662 decretum
825 2638 974 2669 quantuni
993 2637 1081 2660 uocet
1103 2632 1202 2659 malus
1223 2632 1403 2667 episcopus,
1427 2638 1506 2665 papa
1528 2635 1584 2657 etc.
1606 2630 1724 2662 (Bcloxv

404 2682 467 2717 177'’
485 2682 612 2709 without
643 2682 729 2708 mark
759 2681 793 2707 ol‘
820 2680 996 2713 reference).
1141 2687 1171 2711 4.
1202 2679 1228 2705 A
1252 2679 1289 2705 13:
1321 2678 1382 2704 isia
1410 2677 1512 2711 itaque
1536 2677 1611 2703 iura.
1652 2676 1672 2703 B
1694 2676 1723 2703 iu

404 2737 518 2763 marg:
558 2728 737 2763 Episcopus
758 2727 903 2754 omittens
931 2725 1074 2753 subditos
1095 2725 1250 2759 corrigere
1276 2722 1427 2751 dicendus
1448 2727 1493 2750 est
1513 2722 1598 2749 canis
1621 2721 1723 2757 impu-

403 2776 501 2803 dicus.
665 2783 693 2810 9.
724 2775 751 2800 A
787 2773 815 2799 iu
847 2780 964 2806 marga
997 2772 1171 2799 Accusator
1204 2770 1364 2805 quomodo
1405 2769 1495 2797 debet
1533 2777 1565 2796 se
1601 2768 1723 2795 habere.

403 2830 444 2849 22.
466 2820 643 2857 singularia.
665 2823 703 2855 Α1
725 2819 826 2847 addit:
848 2818 985 2846 nomina.

461 2942 493 2971 χ»,
523 2929 602 2961 Dec.
632 2928 656 2960 ll
684 2937 775 2971 parS,
802 2936 905 2958 causa
932 2926 972 2966 V,
999 2936 1032 2968 q.
1063 2925 1102 2965 V,
1130 2935 1157 2956 c.
1185 2925 1224 2956 V.
