2045 3312
274 255 364 285 CAP.
389 245 518 305 xxiii]
768 261 829 293 DE
856 261 1091 294 ECCLESIA.
1803 251 1884 306 577

119 373 426 419 Q206⁰petere,
483 366 880 420 quomodocunque
934 366 1211 406 fundabiliter
1269 367 1479 407 terminus
1539 368 1593 407 sit

268 436 519 488 descriptus,
567 436 683 489 quod
717 436 810 475 laici
851 446 1030 489 possunt
1069 437 1126 476 eis
1171 439 1355 477 relaxare
1400 437 1592 478 debitum

268 505 547 557 spiritualiter
580 506 631 544 ad
658 507 884 546 utilitatem
909 507 1096 557 ecclesie,
1130 507 1298 546 racione
1336 508 1458 547 cuius
1490 509 1592 548 rela-

173 575 639 616 206⁶xacionis÷÷Deus
686 577 875 628 graciose
919 577 1154 627 coassistet,
1197 577 1455 617 dimittendo
1494 591 1590 632 pec-

234 653 410 685 §catum
446 655 486 685 et
520 659 626 698 pene
663 646 869 699 debitum,
904 646 1019 700 quod
1055 646 1264 699 contingit
1288 647 1426 686 Deum
1454 647 1590 688 facere
1661 653 1731 681 God
1760 662 1808 682 ma

1626 689 1746 722 pardon
1768 694 1813 717 rat
1838 697 1870 717 er

268 715 318 754 ad
359 715 611 755 instanciam
651 716 757 769 layci
804 715 1019 755 efficacius
1065 730 1194 770 quam
1236 717 1288 756 ad
1336 717 1882 796 i⁰⁵t³nCi³matoffhaedssssrffloe

269 785 389 824 istius
434 785 584 838 prelati
629 787 702 838 qui
745 785 992 839 blaspheme
1039 795 1112 826 aut
1151 788 1352 839 sacrilege
1392 787 1880 858 vendicatthanorfeffavsseicked

267 864 341 894 aut
374 855 520 894 vendit
554 856 617 895 vel
650 857 801 895 saltem
837 857 1052 909 pretendit
1090 871 1132 896 se
1175 857 1310 897 facere
1350 858 1466 911 quod
1499 859 1588 897 Deo
1685 837 1702 863 p
1804 850 1811 856 ’

268 938 351 964 non
388 934 529 978 potest
570 936 826 979 competere,
880 928 988 966 Nam
1033 927 1151 967 danti
1184 928 1385 980 pecunias
1426 929 1490 967 vel
1530 929 1587 969 eis

212 1012 250 1033 ιο
268 996 513 1047 equivalens
535 996 660 1036 datur
684 997 955 1049 indulgencia
980 1007 1362 1052 quantumcunque
1385 999 1476 1038 laxa
1501 999 1588 1039 sive

268 1079 344 1118 pro
369 1065 475 1105 vivis
499 1065 584 1105 sive
602 1080 679 1119 pro
696 1067 877 1107 mortuis
897 1077 1281 1122 quantumcunque
1301 1069 1588 1122 incapacibus,

269 1137 340 1175 sed
367 1149 500 1188 egeno
517 1137 576 1175 vel
600 1137 778 1190 pauperi
803 1138 1043 1189 evangelice
1070 1152 1153 1178 non
1179 1138 1587 1191 dantindulgencias

266 1220 344 1258 pro
384 1220 512 1258 opere
553 1207 760 1259 virtuoso,
804 1221 901 1247 cum
942 1216 1083 1248 tamen
1124 1208 1313 1261 quelibet
1356 1208 1488 1249 virtus
1524 1211 1589 1250 vel

266 1277 465 1315 meritum
502 1278 555 1317 sit
596 1276 812 1317 infinitum
860 1279 1122 1330 prestancius
1163 1292 1290 1332 quam
1334 1288 1450 1319 totus
1498 1279 1584 1319 the-

211 1354 247 1386 15
265 1360 414 1385 saurus
456 1347 582 1386 huius
624 1348 772 1386 mundi
817 1357 856 1387 et
896 1349 990 1401 plus
1024 1347 1242 1400 dignificat
1280 1349 1499 1389 hominem
1533 1351 1585 1389 ad

263 1416 510 1457 habendum
546 1417 839 1470 indulgencias
864 1419 1007 1472 quoad
1035 1420 1187 1470 Deum,
1223 1420 1321 1473 quia
1346 1420 1413 1460 illa
1446 1434 1522 1473 per
1544 1434 1586 1460 se

264 1496 303 1526 et
337 1489 412 1526 alia
449 1488 587 1527 solum
621 1502 696 1540 per
730 1488 939 1529 accidens.

223 1562 247 1595 b
323 1557 440 1608 Item,
484 1558 652 1597 videtur
691 1559 808 1612 quod
849 1560 912 1598 vel
947 1559 1085 1598 forma
1118 1559 1489 1613 indulgenciarum
1525 1569 1585 1601 est

264 1626 364 1666 falsa
406 1628 469 1667 vel
510 1628 748 1680 indulgenti
788 1629 1009 1681 ambigua;
1061 1642 1159 1668 nam
1208 1629 1477 1682 indulgencie
1524 1630 1583 1669 in-

206 1697 505 1737 2odifferenter
551 1699 846 1737 conceduntur
894 1699 997 1738 vivis
1047 1708 1087 1739 et
1126 1701 1322 1751 mortuis,
1373 1700 1446 1739 sed
1486 1714 1584 1753 sepe

263 1767 470 1819 contingit
494 1768 609 1820 quod
634 1781 718 1806 non
738 1769 903 1807 valeant
920 1769 997 1808 illis
1018 1769 1083 1807 vel
1107 1783 1189 1809 non
1207 1778 1376 1810 tantum
1400 1771 1582 1822 valeant,

262 1850 311 1875 eo
352 1837 467 1889 quod
514 1845 613 1876 sunt
653 1837 859 1877 inhabiles
900 1839 1042 1891 quoad
1080 1839 1232 1878 Deum.
1297 1840 1410 1892 Ergo
1447 1841 1582 1880 forma

262 1907 633 1959 indulgenciarum
676 1921 774 1960 sepe
806 1908 996 1961 implicat
1030 1908 1205 1961 falsum;
1249 1918 1289 1948 et
1321 1910 1432 1949 idem
1467 1920 1584 1963 patet

263 1977 313 2015 de
349 1977 605 2029 impetrante
638 1977 931 2030 indulgencias
965 1979 1095 2018 eciam
1130 1979 1223 2031 plus
1258 1992 1386 2032 quam
1411 1989 1581 2020 centum

207 2051 244 2083 25
274 2048 400 2087 millia
440 2060 665 2099 annorum,
713 2061 840 2101 quam
880 2049 1156 2101 largicionem
1191 2049 1256 2089 vel
1289 2060 1459 2102 oportet
1492 2065 1580 2090 esse

260 2117 408 2157 falsam
435 2117 498 2156 vel
522 2117 634 2157 diem
658 2118 801 2158 iudicii
827 2119 932 2159 adeo
957 2121 1178 2172 prorogari
1203 2121 1266 2160 vel
1289 2121 1580 2174 indulgencias

259 2188 396 2226 valere
421 2187 460 2225 in
486 2187 650 2226 inferno
675 2198 772 2241 post
797 2189 907 2228 diem
933 2189 1091 2228 iudicii.
1118 2189 1199 2229 Sed
1226 2190 1307 2229 due
1323 2191 1579 2242 posteriores

261 2266 400 2309 partes
435 2265 534 2296 sunt
567 2258 864 2311 inopinabiles,
900 2259 994 2298 ideo
1020 2260 1275 2312 relinquitur
1298 2261 1434 2313 prima
1468 2274 1578 2313 pars,

263 2327 454 2366 videlicet
483 2328 599 2380 quod
630 2328 767 2367 forma
802 2329 1170 2382 indulgenciarum
1205 2344 1302 2383 sepe
1332 2331 1385 2370 sit
1418 2331 1579 2370 inutilis

203 2401 244 2432 30
260 2405 300 2435 et
334 2396 447 2437 falsa.

207 2471 246 2505 R
317 2466 404 2505 Nec
445 2467 554 2506 valet
594 2467 732 2507 dicere
773 2469 888 2522 quod
935 2470 1288 2523 subintelligende
1334 2479 1433 2510 sunt
1478 2484 1576 2510 con·
1621 2481 1837 2510 Ifremission

260 2535 447 2575 diciones
500 2538 744 2589 capacitatis
796 2552 1074 2591 personarum
1122 2541 1266 2593 quoad
1315 2542 1452 2580 Deum
1498 2554 1576 2592 pro
1627 2516 1832 2586 (isggiiib‘irsiegsn,

258 2606 414 2658 quibus
447 2606 663 2646 indultum
694 2618 768 2660 est,
803 2609 901 2662 quia
928 2609 1052 2648 talem
1078 2610 1407 2662 promissionem
1433 2619 1576 2663 posset
1593 2586 1866 2649 bullsfliibeuffpes’

259 2675 436 2727 quilibet
469 2676 519 2714 de
550 2677 674 2725 vulgo
698 2691 844 2716 secure
881 2678 1016 2718 facere
1046 2680 1300 2733 cuicunque,
1334 2689 1377 2719 ut
1412 2688 1574 2719 certum

203 2752 241 2784 35
259 2754 319 2784 est
370 2747 484 2798 quod
526 2748 665 2786 omnis
706 2748 960 2800 dampnatus
1000 2750 1172 2789 babebit
1221 2751 1388 2802 plenam
1429 2751 1573 2790 remis-

316 2892 350 2920 15.
377 2893 413 2920 B:
437 2895 505 2928 plus
527 2894 688 2929 significat.
776 2895 814 2922 18.
838 2904 878 2927 10.
901 2897 944 2923 A:
968 2896 1065 2924 forma
1090 2897 1166 2924 falsa
1189 2898 1244 2924 vel.
