2045 3312
115 267 196 319 296

130 808 155 828 2.
177 799 245 828 Tne
266 802 370 837 cIergy

138 836 238 871 spend
259 844 374 874 money

130 872 318 908 wrongsully
338 881 373 901 or

175 907 271 934 lioard
292 907 329 937 it:

828 280 1053 312 JonANNJs
1079 280 1277 312 wvcmr.
1520 266 1625 325 [cim.
1648 279 1728 307 xm.

406 386 530 425 Tales
576 385 689 425 enim
734 385 940 425 hereticos
990 385 1112 425 debet
1158 385 1348 439 superior
1392 386 1435 424 in
1481 386 1653 426 ecclesia
1691 397 1730 427 et

404 455 602 509 precipue
633 470 754 496 verus
784 455 940 496 Christi
972 455 1151 496 vicarius
1185 456 1411 510 extirpare;
1445 457 1584 496 omnis
1617 457 1730 497 enim

404 526 675 580 symoniacus
724 536 783 566 est
835 526 1045 567 hereticus
1078 524 1144 582 (ut
1195 536 1310 580 patet
1345 527 1391 579 1²¹,
1439 541 1479 580 q.
1525 527 1553 567 I.
1600 528 1728 575 Quis-

403 594 531 652 quis).
570 598 656 637 Nec
710 597 875 637 videtur
925 596 1068 649 apcior
1118 597 1352 637 destruccio
1407 597 1532 637 huius
1576 597 1729 637 heresis

404 680 535 720 quam
579 667 725 706 tollere
771 666 1075 720 proprietatem
1107 667 1408 720 temporalium
1440 667 1578 721 gracia
1611 667 1729 708 cuius

405 746 466 776 est
500 736 592 776 talis
626 737 806 790 dignitas
839 737 1084 791 symoniace
1118 737 1318 777 affectata.

465 807 685 847 Secundus
719 808 872 859 gradus
904 807 1060 847 heresis
1093 822 1115 847 a
1148 807 1316 861 prelatis
1357 808 1575 848 venandos
1609 818 1648 847 et
1679 808 1730 846 ab

406 886 588 930 utroque
622 876 792 916 brachio
827 877 1105 917 destruendus
1139 887 1211 930 est,
1246 892 1344 918 cum
1376 891 1557 931 persona
1589 878 1731 918 dotata

406 947 590 998 ecclesie,
644 961 726 1001 que
781 947 904 987 debet
947 961 1035 987 esse
1080 957 1342 1000 procurator,
1396 962 1483 987 non
1529 948 1728 988 dominus

406 1017 734 1057 elemosinarum
781 1017 974 1057 datarum
1013 1017 1286 1070 pauperibuS‚
1319 1027 1364 1058 ut
1396 1026 1509 1071 patet
1540 1018 1582 1057 in
1616 1019 1727 1071 prin-

406 1087 517 1140 cipio
571 1087 742 1140 capituli
800 1087 927 1127 huius
987 1097 1027 1127 et
1077 1088 1183 1127 libro
1229 1088 1280 1127 III
1323 1088 1618 1140 Decretalium,
1663 1089 1730 1128 De

405 1158 752 1207 Donacionibus,
777 1163 896 1211 cap0:
920 1158 1274 1209 Frater-nitatem,
1299 1172 1409 1206 cum,
1430 1158 1618 1211 inquam,
1640 1158 1731 1198 talis

407 1227 604 1281 expendit
647 1228 759 1267 bona
804 1228 976 1268 ecclesie
1021 1228 1292 1282 prodigaliter
1323 1228 1363 1267 in
1405 1242 1566 1281 pompa
1604 1229 1731 1269 seculi

405 1297 470 1337 vel
494 1298 709 1339 consumit
740 1298 832 1351 ipsa
863 1298 906 1337 in
939 1299 1198 1352 cognacione
1222 1300 1287 1338 vel
1310 1298 1535 1339 affeccione
1565 1299 1730 1351 carnali,

405 1376 477 1407 aut
521 1367 650 1408 tercio
696 1368 854 1408 detinet
899 1369 1146 1409 thesaurum
1179 1383 1416 1422 pauperum
1448 1382 1567 1409 avare
1608 1368 1728 1409 affec-

407 1437 527 1477 cione
561 1438 709 1477 terreni
744 1438 976 1491 commodi,
1010 1449 1111 1480 tunc
1143 1448 1204 1480 est
1228 1439 1490 1492 periculosus
1522 1439 1730 1479 hereticus

405 1508 478 1547 sed
510 1507 891 1560 periculosissimus
924 1523 1105 1562 persona
1138 1509 1429 1550 conventualis
1461 1509 1550 1549 istis
1583 1511 1729 1550 condi-

406 1577 598 1617 cionibus
643 1578 797 1618 heresis
841 1579 1063 1620 maculata.
1109 1580 1227 1619 Patet
1259 1580 1337 1620 ista
1368 1579 1536 1631 heresis,
1581 1595 1729 1634 ymmo

405 1647 728 1688 antechristiana
771 1649 941 1689 vesania
985 1664 1032 1690 ex
1076 1650 1188 1690 dicto
1222 1650 1328 1690 beati
1364 1650 1553 1704 Gregorii
1588 1651 1730 1703 posito

406 1717 447 1756 in
493 1718 667 1758 decretis
699 1719 828 1771 XVIQ,
862 1734 902 1773 q.
948 1721 1036 1772 Vll,
1082 1720 1139 1760 sic
1183 1720 1377 1761 dicentis:
1428 1721 1630 1761 Pervenit
1672 1722 1730 1760 aa'

406 1800 484 1828 nos
515 1788 650 1842 firma
696 1791 877 1830 sinistra
921 1791 1038 1844 quod
1083 1790 1255 1844 quidam
1296 1793 1596 1844 episcoporum
1644 1804 1728 1831 non

405 1858 699 1899 sacerdotibus
714 1861 898 1913 proprie
913 1860 1094 1901 diocesis
1116 1860 1305 1901 decimas
1327 1868 1456 1914 atque
1471 1861 1727 1901 christiano-

405 1942 505 1967 rmn
561 1929 804 1971 oblaciones
864 1932 1110 1986 conferant,
1169 1931 1245 1971 sed
1297 1933 1455 1984 pocius
1501 1932 1730 1971 laicalibus

400 2000 621 2052 personis,
648 2000 830 2041 militum
867 2001 1061 2042 videlicet
1083 2003 1172 2042 sive
1200 2002 1463 2042 servitorum
1497 2002 1563 2041 vel
1595 2000 1731 2056 (quod

406 2070 589 2123 gravius
644 2069 722 2125 est)
775 2072 909 2111 eciam
956 2073 1305 2126 consanguineis
1375 2071 1494 2111 Unde
1544 2073 1582 2112 si
1633 2074 1728 2125 quis

408 2139 560 2179 amodo
592 2141 820 2194 episcopus
842 2143 1038 2182 inventus
1057 2143 1206 2197 fuerit
1227 2143 1356 2182 liuius
1384 2142 1732 2194 diviniprecepti

409 2215 728 2263 transgressor,
779 2212 891 2251 inter
936 2213 1150 2251 maximos
1194 2212 1407 2252 hereticos
1448 2218 1487 2251 et
1521 2213 1732 2263 pessimos

408 2279 684 2320 antichristos
725 2294 808 2321 non
849 2282 1053 2322 minimus
1092 2282 1318 2334 habeatur,
1351 2290 1391 2322 et
1421 2283 1532 2322 sicut
1564 2283 1730 2322 Nicena

406 2349 600 2401 synodus
632 2349 682 2390 de
715 2352 966 2391 simoniacis
998 2353 1175 2404 censuit,
1209 2359 1249 2392 et
1280 2354 1355 2405 qui
1389 2352 1462 2392 dat
1498 2353 1727 2405 episcopus

462 2553 487 2580 7.
517 2545 546 2572 A
567 2546 595 2573 in
619 2554 733 2581 marg.:
755 2546 921 2575 Secundus
941 2548 1067 2583 gradus.

469 2676 497 2707 3.
517 2676 616 2708 Decr.
639 2677 663 2709 II
691 2688 780 2720 pars,
799 2688 891 2709 caus.
914 2678 937 2718 Ι,
957 2688 990 2720 q.
1014 2679 1037 2718 Ι,
1062 2688 1134 2721 cap,
1158 2680 1196 2710 Υ.
1300 2690 1347 2710 11.
1371 2679 1535 2710 Decretal.
1558 2679 1661 2721 Greg.
1682 2680 1727 2711 IX

410 2734 467 2766 Iib.
494 2735 549 2776 ΙΙΙ,
575 2735 622 2766 tit.
655 2736 778 2776 XXIV,
812 2747 839 2768 c.
871 2737 907 2768 II.
1057 2748 1105 2780 ιι).
1140 2737 1216 2768 Non
1249 2748 1287 2769 ex
1324 2737 1415 2768 dicto
1447 2737 1536 2768 beati
1570 2737 1728 2780 Gregorii

409 2792 469 2823 sed
497 2793 620 2835 poc-Ius
647 2793 806 2835 Gregorii
826 2795 897 2834 VII,
924 2793 1004 2827 vide
1031 2795 1164 2827 Decret.
1187 2796 1210 2827 II
1240 2806 1283 2838 p.‚
1308 2805 1400 2827 causn
1428 2794 1450 2832 I,
1478 2805 1510 2837 q.
1532 2796 1584 2836 III,
1603 2806 1631 2827 c.
1653 2796 1727 2827 XIII

409 2858 442 2882 ct
468 2851 555 2890 XVI,
582 2862 614 2893 q.
644 2852 713 2892 VII,
741 2862 768 2884 c.
798 2852 848 2883 III.
883 2852 969 2884 Vide
997 2860 1115 2885 notam
1144 2852 1367 2895 Friedbergii,
1389 2863 1483 2895 corp.
1511 2853 1530 2885 i.
1549 2863 1577 2885 c.
1597 2854 1620 2894 1,
1648 2864 1726 2895 417.

409 2909 510 2940 Hunc
536 2919 689 2941 errorem
716 2916 749 2942 et
774 2909 952 2942 lohannes
980 2911 1054 2942 Ilus
1082 2911 1189 2953 (Opp.
1219 2912 1241 2951 I,
1274 2909 1365 2954 194³)
1394 2912 1534 2954 recepit.

1751 399 1881 442 170⁰P

1750 1040 1788 1060 10

1751 1381 1786 1412 15

1747 1740 1787 1762 20

1748 2083 1786 2114 25
