2045 3312
268 295 359 324 CAP.
379 280 476 340 xxr]
777 294 837 326 DE
863 292 1098 326 ECCLESIA.
1793 280 1874 332 495

117 417 152 450 D
176 414 254 460 196⁶
270 402 561 457 qualitativam
592 414 713 454 pene,
747 409 847 440 tunc
879 399 1168 452 quodcunque
1196 395 1399 435 meritum
1422 394 1585 434 domini

271 472 468 512 diminuit
520 470 893 524 proporcionaliter
938 467 1213 508 centesimam
1266 475 1429 520 partem
1479 478 1587 518 pene

278 557 408 597 quam
438 541 610 593 invenit,
636 550 676 581 et
706 540 763 581 ita
795 548 984 593 superest
1016 550 1181 590 semper
1202 536 1399 576 divitibus
1422 535 1587 575 occasio

271 612 523 666 impetrandi
554 610 855 664 indulgencias,
887 618 973 649 tam
996 622 1073 662 pro
1106 607 1208 648 vivis
1241 621 1372 661 quam
1395 605 1588 656 mortuis,

235 706 256 731 ο
271 692 358 723 tam
381 682 650 723 existentibus
674 681 715 720 in
738 679 983 734 purgatorio
1007 693 1138 732 quam
1165 676 1415 731 dampnatis.
1442 675 1590 715 Tereia

273 754 420 807 opinio
465 752 562 792 dicit
613 751 729 806 quod
779 749 1000 804 suffragia
1052 748 1224 789 ecclesie
1277 761 1359 787 non
1401 752 1591 800 prosunt

270 823 515 876 dampnatis
559 822 624 863 vel
669 821 726 861 ad
757 821 1055 861 liberacionenz
1089 819 1230 859 totalis
1261 831 1375 870 pene
1419 830 1493 856 nec
1536 815 1593 855 ad

270 894 533 934 ablacionem
575 892 718 946 partis
756 905 870 945 pene
914 889 1188 931 diminuendo
1233 889 1299 929 vel
1342 886 1591 941 mitigando,

271 964 451 1017 puniens
474 977 526 1004 ne
549 972 715 1004 tantum
738 961 951 1017 puniatur,
984 961 1060 1001 sed
1077 959 1362 1015 fortficando
1387 958 1591 1011 punitum

231 1041 318 1080 dut
355 1034 508 1074 melius
553 1041 592 1074 et
634 1033 916 1073 tollerabilius
960 1031 1184 1072 sustineat.
1237 1030 1318 1070 Sed
1361 1027 1594 1082 reprobatis

271 1105 350 1144 hiis
383 1105 516 1145 tribus
550 1103 826 1158 opinionibus
859 1102 1049 1156 sequitur
1087 1100 1275 1141 doctoris
1307 1097 1519 1139 sentencia
1551 1097 1593 1136 in

270 1175 347 1215 hec
375 1176 518 1215 verba:
552 1174 666 1222 Ideo,
689 1174 840 1227 inquit,
869 1179 931 1213 est
952 1173 1139 1212 aliorum
1163 1171 1305 1223 opinio
1327 1168 1596 1209 communior

272 1253 310 1286 et
340 1246 480 1286 verior
514 1245 626 1299 quod
655 1244 875 1298 suffragia
909 1243 1153 1295 dampnatis
1178 1255 1260 1281 non
1284 1246 1487 1294 prosunt,
1522 1251 1596 1278 nec

273 1317 448 1357 ecclesia
487 1315 663 1355 intendit
700 1328 831 1355 orare
855 1327 940 1366 pro
974 1313 1047 1355 eis.
1091 1313 1143 1352 Et
1182 1312 1214 1351 si
1253 1311 1440 1364 sophista
1473 1309 1596 1348 instet

220 1401 255 1433 15
274 1387 389 1441 quod
421 1386 608 1440 quelibet
630 1386 805 1426 istarum
827 1383 1085 1437 opinionum
1116 1392 1175 1422 est
1206 1392 1307 1422 tunc
1339 1395 1448 1432 vera,
1482 1389 1596 1433 patet

274 1458 393 1511 quod
426 1458 574 1497 doctor
605 1454 799 1509 intelligit
831 1456 948 1508 quod
981 1454 1166 1507 quelibet
1199 1453 1376 1492 aliarum
1409 1460 1469 1490 est
1501 1463 1596 1489 vera

272 1528 507 1567 secundum
551 1535 728 1579 partem,
772 1525 837 1564 vel
889 1523 1078 1578 negative
1123 1536 1212 1562 non
1257 1531 1317 1562 est
1362 1535 1470 1561 vera.
1519 1521 1598 1559 Ista

273 1611 373 1637 vero
420 1597 476 1637 eis
525 1595 847 1636 contradictoria
894 1604 954 1634 est
998 1607 1094 1634 vera
1138 1593 1333 1633 totaliter.
1395 1592 1448 1630 Et
1496 1604 1596 1630 con-

274 1677 494 1722 sequenter
538 1666 762 1720 respondet
804 1666 855 1704 ad
894 1664 1084 1718 quinque
1123 1672 1369 1717 argumenta
1410 1661 1513 1701 facta
1555 1661 1596 1699 in

244 1738 542 1791 1oppositum:
590 1736 781 1776 Primum
834 1744 894 1775 est
946 1750 993 1775 ex
1046 1735 1159 1774 dicto
1213 1734 1321 1773 beati
1354 1731 1597 1784 Augustini,

276 1807 550 1847 Euchiridion
613 1807 726 1858 CXO,
788 1805 962 1844 dicentis
1024 1805 1139 1857 quod
1203 1804 1355 1856 quibus
1419 1802 1597 1841 mortuis

268 1884 458 1931 prosunt
507 1876 725 1931 suffragia
785 1876 958 1915 ecclesie
1016 1875 1081 1914 vel
1136 1880 1326 1926 prosunt
1378 1879 1422 1912 ut
1466 1873 1598 1924 plena

262 1949 351 2002 fiat
382 1948 574 1988 remissio
608 1948 674 1986 vel
706 1953 750 1986 ut
783 1945 1133 1998 tolleraciorfiat
1164 1945 1222 1984 eis
1246 1944 1513 1996 dampnacio.
1542 1943 1600 1981 Ex

280 2033 365 2072 quo
410 2018 573 2058 videtur
615 2018 733 2071 quod
778 2030 884 2070 pena
939 2015 1155 2068 dampnati
1200 2014 1355 2067 poterit
1407 2013 1600 2067 mitigari.

223 2101 262 2132 25
279 2089 534 2138 Dicendum,
556 2087 834 2141 inquit‚quod
857 2100 937 2126 non
961 2086 1215 2139 intelligitur
1231 2085 1280 2124 de
1295 2084 1604 2137 dampnacione
1636 2089 1826 2151 Darnination
1849 2091 1875 2118 is

264 2159 394 2212 sacta
441 2160 481 2198 in
530 2159 719 2212 inferno,
767 2157 837 2196 ubi
882 2157 1002 2196 nulla
1050 2162 1112 2195 est
1155 2155 1409 2208 redempcio‚
1453 2153 1529 2193 sed
1561 2153 1601 2192 in
1619 2133 1726 2221 {epis}
1744 2130 1893 2200 lanmixffixy

272 2230 547 2284 purgatorio,
594 2228 664 2268 ubi
706 2228 932 2280 dupliciter
976 2227 1060 2265 illis
1102 2232 1310 2278 prosunt:
1356 2225 1421 2265 vel
1458 2223 1601 2263 statim
1642 2201 1891 2266 ἶιιοέυζρῖἕῑοᾞ]

282 2300 517 2349 liberando,
552 2306 596 2338 ut
627 2312 697 2338 eos
730 2298 802 2350 qui
826 2311 988 2350 parum
1028 2297 1183 2336 liabent
1214 2296 1263 2335 de
1296 2295 1518 2335 cremabili
1539 2294 1604 2333 vel

282 2369 517 2423 mitigando
561 2368 702 2422 quoad
743 2382 811 2408 eos
856 2368 929 2421 qui
969 2367 1148 2421 gravius
1186 2372 1487 2419 peccaverunt.
1552 2364 1605 2403 Et

227 2451 268 2483 30
286 2440 463 2479 eandem
507 2439 832 2492 responsionem
875 2447 989 2478 tenet
1033 2446 1200 2477 sanctus
1240 2436 1432 2475 Thomas
1477 2446 1602 2485 super

338 2598 365 2626 8.
386 2599 415 2626 A
434 2600 491 2633 Al:
518 2598 720 2625 diminuende
746 2598 791 2625 vel
814 2597 994 2631 mitigande.
1139 2604 1177 2623 21.
1207 2598 1240 2623 In
1261 2596 1371 2623 codd:
1393 2596 1489 2623 Euch.
1513 2594 1603 2621 CXH.

285 2646 326 2674 25.
347 2647 375 2674 A
395 2646 425 2673 in
446 2652 561 2680 marga
584 2644 766 2680 Responsio.
910 2644 955 2671 28.
978 2646 1022 2670 A:
1045 2648 1076 2670 ut
1097 2643 1151 2670 eis.
1173 2645 1197 2670 Α
1216 2644 1245 2670 in
1262 2651 1377 2677 marg:
1413 2641 1606 2677 Dampnacio

286 2692 406 2726 capitur
427 2692 601 2727 dupliciter.

349 2821 400 2843 21.
427 2813 514 2854 Aug.
534 2810 674 2843 Enchir.
702 2820 776 2853 cap.
804 2810 872 2841 CX.
901 2810 993 2852 Opp.
1021 2816 1104 2841 tom.
1124 2810 1180 2849 VI,
1208 2819 1285 2851 pag.
1309 2807 1383 2840 238.
1412 2807 1464 2839 Cf.
1493 2808 1606 2838 Bona-

290 2877 435 2902 ventura
461 2871 481 2901 1.
501 2881 528 2902 c.
556 2870 647 2913 Opp.
667 2870 723 2909 IV,
755 2879 851 2912 ¹0¹9·
997 2868 1051 2900 25.
1079 2869 1324 2899 Bonaventura
1344 2867 1363 2897 1.
1384 2876 1411 2897 c.
1439 2866 1530 2907 Opp.
1551 2865 1608 2904 IV,

291 2939 368 2970 pag.
402 2939 498 2961 1021.
