2045 3312
264 239 353 268 CAP.
376 228 445 287 xi]
766 243 826 274 DE
853 240 1090 274 EcciissstA.

115 364 154 397 R.
174 360 252 395 163<¹
268 350 420 391 Christi
470 360 557 390 tam
602 349 783 403 positiva
836 363 965 402 quam
1019 348 1221 401 privativa
1273 349 1493 390 defendere
1549 361 1588 391 et

268 435 417 461 omnes
451 421 552 461 ritus
585 420 664 459 illis
698 419 930 459 contrarios
962 419 1153 458 animose
1187 411 1410 460 destruere.

329 492 451 532 Unde
495 491 660 531 videtur
691 490 796 530 mihi
830 491 947 543 quod
980 489 1207 542 collegium
1240 490 1422 543 predicte
1461 492 1586 532 abba-

269 562 354 601 thie
398 561 537 614 primo
583 561 829 611 attenderet,
863 559 894 599 si
928 559 1197 599 vendicatum
1230 560 1498 614 privilegium
1538 562 1588 601 sit

237 631 493 685 §privilegiis
530 630 685 671 Christi
719 630 991 670 contrarium.
1045 630 1241 670 Secundo
1275 631 1392 683 quod
1424 631 1590 671 lucrum

268 701 496 755 reportabit
543 714 591 740 ex
634 700 855 754 privilegio
900 701 956 740 sic
1002 700 1188 752 defenso,
1223 700 1320 754 quia
1353 701 1524 741 indubie
1558 702 1591 741 si

267 785 355 811 non
388 771 585 811 meritum
617 772 759 825 quoad
797 772 934 811 Deum
967 773 1040 810 sed
1078 772 1190 811 nude
1222 771 1373 811 mundi
1411 772 1590 825 gloriam

270 857 317 881 ex
361 842 579 895 privilegio
623 851 812 894 reportat
857 841 996 881 anime
1045 841 1360 881 detrimentum.
1426 842 1590 894 Tercio,

269 912 492 965 supposito
526 913 643 965 quod
676 921 860 965 reportet
893 926 941 952 ex
974 912 1172 965 operibus
1205 912 1488 952 misericordie
1527 913 1589 952 in-

216 1004 254 1025 10
270 983 397 1022 dultis
443 982 633 1036 profugis
679 983 858 1023 salutem
903 983 1055 1033 anime,
1100 984 1332 1023 attenderet
1371 997 1469 1023 cum
1508 983 1592 1022 suis

271 1053 505 1093 fautoribus
552 1053 668 1106 quod
712 1066 790 1105 pro
822 1053 929 1093 veris
961 1053 1190 1106 privilegiis
1223 1053 1318 1105 plus
1351 1053 1591 1093 necessariis

271 1122 542 1162 defendendis
564 1122 829 1176 diligenciam
845 1132 1006 1162 tantam
1020 1132 1280 1176 apponerent
1296 1123 1359 1162 vel
1374 1123 1590 1163 maiorem.

272 1194 378 1246 Sepe
412 1207 564 1247 nempe
605 1195 768 1233 mundo
808 1194 971 1247 decepti
1010 1207 1103 1233 cece
1141 1195 1455 1247 preponderant
1493 1193 1594 1233 folia

273 1263 439 1315 fructui,
472 1264 668 1303 umbram
702 1264 798 1315 luci,
830 1278 980 1318 ymmo
1013 1278 1225 1304 venenum
1263 1264 1454 1318 pruriens
1486 1274 1592 1304 tem-

219 1345 252 1376 15
272 1334 416 1386 poraie
449 1343 650 1387 perpetue
683 1334 819 1374 saluti.

173 1415 202 1447 S
229 1414 255 1446 3
330 1404 399 1442 Ad
447 1404 624 1443 tercium
669 1403 819 1444 dicitur
865 1405 981 1458 quod
1026 1404 1178 1444 falsum
1211 1405 1451 1456 assumitur,
1496 1419 1594 1445 nam

272 1483 494 1527 peccatum
540 1487 638 1513 cum
682 1488 769 1513 non
802 1474 853 1514 sit
885 1475 1044 1527 privata
1077 1476 1141 1514 lex
1173 1489 1249 1514 nec
1284 1488 1535 1515 concessum
1573 1490 1596 1515 a

273 1544 462 1598 principe
495 1558 580 1583 non
616 1555 677 1584 est
709 1544 989 1598 privilegium.
1017 1546 1223 1594 Quamvis
1257 1545 1369 1584 enim
1403 1545 1596 1598 princeps

273 1614 397 1654 huius
430 1614 581 1654 mundi
614 1615 762 1655 excitat
794 1616 846 1655 ad
878 1617 1157 1668 peccandum,
1181 1630 1267 1655 non
1293 1625 1433 1655 tamen
1458 1626 1597 1668 potest

217 1706 257 1727 20
273 1685 514 1737 concedere,
548 1685 656 1725 sicut
700 1699 775 1726 nec
815 1687 943 1737 Deus,
989 1687 1040 1725 ad
1085 1686 1188 1726 illud
1226 1686 1459 1737 licenciam,
1493 1696 1532 1726 ct
1565 1687 1598 1725 si

273 1769 346 1807 per
378 1755 639 1808 impossibile
671 1757 919 1796 concederet
951 1757 1002 1796 ad
1034 1756 1116 1796 hoc
1150 1757 1214 1795 vel
1247 1766 1438 1809 pretense
1471 1756 1596 1796 licen-

274 1825 394 1877 ciam,
442 1825 523 1864 hoc
569 1839 654 1865 non
700 1826 851 1865 faceret
894 1827 945 1865 ad
991 1826 1281 1879 privilegiandi
1316 1827 1597 1866 commodum

275 1895 346 1934 sed
390 1895 442 1933 ad
475 1895 725 1947 dampnum.
761 1895 1020 1936 Conceditur
1052 1905 1193 1936 tamen
1227 1910 1275 1936 ex
1312 1896 1597 1936 immensitate

276 1965 494 2017 potestatis
542 1965 628 2004 veri
673 1965 871 2019 principis
924 1967 1039 2020 quod
1084 1967 1250 2006 racione
1303 1967 1597 2019 cuiuscunque

219 2046 257 2077 25
276 2034 433 2088 peccati
457 2035 749 2075 occasionatur
772 2036 941 2076 ecclesie
966 2036 1118 2076 Christi
1146 2050 1293 2075 verum
1316 2036 1596 2089 privilegium,

275 2119 374 2145 cum
404 2106 645 2145 timentibus
673 2106 814 2145 Deum
849 2108 994 2147 omnia
1035 2114 1330 2159 cooperantur
1362 2107 1404 2146 in
1439 2107 1595 2145 bonum

274 2176 397 2215 Rom.
424 2176 552 2229 VIIIO,
579 2177 650 2228 283
670 2190 755 2216 non
780 2177 897 2230 quod
920 2186 1141 2230 peccatum
1163 2177 1213 2216 sit
1237 2178 1293 2216 eis
1316 2176 1597 2230 privilegium,

275 2247 347 2285 sed
396 2247 510 2299 quod
554 2246 768 2300 profectus
814 2247 864 2286 de
908 2256 1080 2299 peccato
1127 2246 1442 2286 occasionaliter
1481 2257 1596 2286 ortus

276 2316 394 2355 cedat
438 2317 494 2355 eis
540 2317 581 2355 in
625 2317 904 2370 privilegium.
968 2317 1021 2357 Et
1069 2317 1150 2356 hoc
1203 2326 1264 2356 est
1312 2331 1459 2356 verum
1512 2331 1597 2356 non

219 2395 260 2427 ’.ἑο
277 2385 418 2425 solum
451 2389 500 2425 de
534 2387 677 2426 alienis
711 2387 891 2439 peccatis
915 2388 985 2426 sed
1018 2388 1068 2426 de
1101 2387 1281 2440 peccatis
1313 2387 1492 2440 propriis
1517 2401 1599 2440 que

277 2455 544 2507 predestinati
578 2466 830 2509 perpetrant.
878 2456 1136 2497 Conceditur
1168 2467 1308 2498 tamen
1342 2458 1459 2511 quod
1492 2471 1598 2510 pena

279 2524 385 2564 cedit
418 2524 510 2564 filiis
545 2525 586 2565 in
619 2526 899 2579 privilegium,
935 2540 1032 2566 cum
1065 2528 1260 2567 stimulus
1293 2527 1426 2567 carnis
1460 2542 1482 2566 a
1504 2528 1595 2567 Deo

277 2593 397 2633 datus
435 2596 631 2648 apostolo
671 2596 791 2636 cessit
829 2598 906 2637 sibi
953 2598 1004 2637 ad
1044 2598 1207 2638 virtutis
1247 2597 1509 2649 exercicium,
1555 2605 1600 2636 ut

278 2672 389 2715 patet
422 2664 475 2703 ΙΙ”<1
520 2665 617 2706 Cor.
666 2668 776 2707 X110.

331 2841 354 2869 3.
378 2843 405 2870 A
426 2843 455 2869 in
477 2851 590 2877 marga
616 2841 699 2870 Nota
717 2842 774 2868 tria
918 2840 945 2867 3.
967 2840 1006 2867 ss:
1035 2840 1252 2867 detrimentum
1280 2855 1313 2859 —
1340 2839 1469 2866 salutem
1503 2838 1599 2866 deest.

280 2891 317 2918 15.
339 2892 384 2917 A:
406 2895 567 2925 perpetuo.
711 2888 757 2923 34.
780 2890 808 2916 A
831 2889 859 2916 in
882 2896 995 2922 marga
1020 2886 1109 2915 Nota.

1618 1432 1644 1451 cr
1665 1424 1719 1452 Sin
1742 1424 1766 1450 is
1787 1428 1841 1450 not
1862 1430 1877 1449 a

1668 1460 1828 1494 privilege,
