<?xml version="1.0" encoding="UTF-8"?>
<!DOCTYPE html PUBLIC "-//W3C//DTD XHTML 1.0 Transitional//EN"
    "http://www.w3.org/TR/xhtml1/DTD/xhtml1-transitional.dtd">
<html xmlns="http://www.w3.org/1999/xhtml" xml:lang="en" lang="en">
 <head>
  <title>
</title>
<meta http-equiv="Content-Type" content="text/html;charset=utf-8" />
  <meta name='ocr-system' content='tesseract 3.04.00' />
  <meta name='ocr-capabilities' content='ocr_page ocr_carea ocr_par ocr_line ocrx_word'/>
</head>
<body>
  <div class='ocr_page' id='page_1' title='image "./iohanniswycliftr04wycl_0408.png"; bbox 0 0 2045 3312; ppageno 0'>
   <div class='ocr_carea' id='block_1_1' title="bbox 141 263 1765 330">
    <p class='ocr_par' dir='ltr' id='par_1_1' title="bbox 141 263 1765 330">
     <span class='ocr_line' id='line_1_1' title="bbox 141 263 1765 330; baseline -0.02 1"><span class='ocrx_word' id='word_1_1' title='bbox 141 276 222 330; x_wconf 74' lang='grc' dir='ltr'>37Ο</span> <span class='ocrx_word' id='word_1_2' title='bbox 869 280 1094 315; x_wconf 85' lang='lat' dir='ltr'>JOHANle</span> <span class='ocrx_word' id='word_1_3' title='bbox 1121 280 1321 314; x_wconf 77' lang='lat' dir='ltr'>WYCLIF.</span> <span class='ocrx_word' id='word_1_4' title='bbox 1553 263 1661 322; x_wconf 79' lang='lat' dir='ltr'>[CAP.</span> <span class='ocrx_word' id='word_1_5' title='bbox 1682 271 1765 300; x_wconf 77' lang='lat' dir='ltr'>xvr.</span> 
     </span>
    </p>
   </div>
   <div class='ocr_carea' id='block_1_2' title="bbox 197 381 1894 1427">
    <p class='ocr_par' dir='ltr' id='par_1_2' title="bbox 431 381 1894 1343">
     <span class='ocr_line' id='line_1_2' title="bbox 431 381 1894 442; baseline -0.008 -12"><span class='ocrx_word' id='word_1_6' title='bbox 431 389 554 430; x_wconf 84' lang='lat' dir='ltr'><strong>Unde</strong></span> <span class='ocrx_word' id='word_1_7' title='bbox 587 403 666 442; x_wconf 85' lang='lat' dir='ltr'>ego</span> <span class='ocrx_word' id='word_1_8' title='bbox 701 388 825 429; x_wconf 90' lang='lat' dir='ltr'>credo</span> <span class='ocrx_word' id='word_1_9' title='bbox 859 387 976 442; x_wconf 90' lang='lat' dir='ltr'>quod</span> <span class='ocrx_word' id='word_1_10' title='bbox 1010 385 1248 426; x_wconf 87' lang='lat' dir='ltr'>meritorius</span> <span class='ocrx_word' id='word_1_11' title='bbox 1281 384 1426 424; x_wconf 90' lang='lat' dir='ltr'>fuisset</span> <span class='ocrx_word' id='word_1_12' title='bbox 1457 382 1624 436; x_wconf 86' lang='lat' dir='ltr'>utrique</span> <span class='ocrx_word' id='word_1_13' title='bbox 1647 381 1752 435; x_wconf 88' lang='lat' dir='ltr'>parti</span> <span class='ocrx_word' id='word_1_14' title='bbox 1775 389 1853 424; x_wconf 74' lang='lat' dir='ltr'>180b</span> <span class='ocrx_word' id='word_1_15' title='bbox 1875 390 1894 423; x_wconf 94' lang='lat'>1</span> 
     </span>
     <span class='ocr_line' id='line_1_3' title="bbox 432 452 1756 513; baseline -0.008 -13"><span class='ocrx_word' id='word_1_16' title='bbox 432 460 550 513; x_wconf 90' lang='lat' dir='ltr'>quod</span> <span class='ocrx_word' id='word_1_17' title='bbox 583 459 801 499; x_wconf 85' lang='lat' dir='ltr'>distributa</span> <span class='ocrx_word' id='word_1_18' title='bbox 825 457 1001 497; x_wconf 88' lang='lat' dir='ltr'>fuissent</span> <span class='ocrx_word' id='word_1_19' title='bbox 1023 456 1135 496; x_wconf 89' lang='lat' dir='ltr'>bona</span> <span class='ocrx_word' id='word_1_20' title='bbox 1158 454 1427 509; x_wconf 83' lang='lat' dir='ltr'>pauperibus,</span> <span class='ocrx_word' id='word_1_21' title='bbox 1451 462 1491 493; x_wconf 85' lang='lat' dir='ltr'>et</span> <span class='ocrx_word' id='word_1_22' title='bbox 1513 452 1756 492; x_wconf 86' lang='lat' dir='ltr'>ordinatum</span> 
     </span>
     <span class='ocr_line' id='line_1_4' title="bbox 432 523 1754 584; baseline -0.004 -17"><span class='ocrx_word' id='word_1_23' title='bbox 432 544 505 584; x_wconf 89' lang='lat' dir='ltr'>per</span> <span class='ocrx_word' id='word_1_24' title='bbox 536 529 679 584; x_wconf 83' lang='lat' dir='ltr'>laycos</span> <span class='ocrx_word' id='word_1_25' title='bbox 713 527 995 568; x_wconf 87' lang='lat' dir='ltr'>ministerium</span> <span class='ocrx_word' id='word_1_26' title='bbox 1028 526 1283 566; x_wconf 88' lang='lat' dir='ltr'>continuum</span> <span class='ocrx_word' id='word_1_27' title='bbox 1315 524 1355 563; x_wconf 90' lang='lat' dir='ltr'>in</span> <span class='ocrx_word' id='word_1_28' title='bbox 1391 523 1628 564; x_wconf 84' lang='lat' dir='ltr'>subsidium</span> <span class='ocrx_word' id='word_1_29' title='bbox 1663 535 1754 576; x_wconf 83' lang='lat' dir='ltr'>ege-</span> 
     </span>
     <span class='ocr_line' id='line_1_5' title="bbox 433 592 1757 652; baseline -0.006 -13"><span class='ocrx_word' id='word_1_30' title='bbox 433 611 608 652; x_wconf 80' lang='lat' dir='ltr'>norum3</span> <span class='ocrx_word' id='word_1_31' title='bbox 647 608 748 639; x_wconf 90' lang='lat' dir='ltr'>tunc</span> <span class='ocrx_word' id='word_1_32' title='bbox 786 598 900 638; x_wconf 88' lang='lat' dir='ltr'>enim</span> <span class='ocrx_word' id='word_1_33' title='bbox 937 605 1080 650; x_wconf 88' lang='lat' dir='ltr'>posset</span> <span class='ocrx_word' id='word_1_34' title='bbox 1119 597 1252 636; x_wconf 90' lang='lat' dir='ltr'>clerus</span> <span class='ocrx_word' id='word_1_35' title='bbox 1290 604 1396 635; x_wconf 86' lang='lat' dir='ltr'>stare</span> <span class='ocrx_word' id='word_1_36' title='bbox 1434 594 1476 633; x_wconf 89' lang='lat' dir='ltr'>in</span> <span class='ocrx_word' id='word_1_37' title='bbox 1509 607 1588 633; x_wconf 93' lang='lat' dir='ltr'>suo</span> <span class='ocrx_word' id='word_1_38' title='bbox 1628 592 1757 646; x_wconf 83' lang='lat' dir='ltr'>gradu</span> 
     </span>
     <span class='ocr_line' id='line_1_6' title="bbox 432 662 1791 723; baseline -0.007 -13"><span class='ocrx_word' id='word_1_39' title='bbox 432 670 614 711; x_wconf 87' lang='lat' dir='ltr'>vivendo</span> <span class='ocrx_word' id='word_1_40' title='bbox 648 668 972 723; x_wconf 87' lang='lat' dir='ltr'>exproprietarie</span> <span class='ocrx_word' id='word_1_41' title='bbox 1005 667 1111 707; x_wconf 91' lang='lat' dir='ltr'>sicut</span> <span class='ocrx_word' id='word_1_42' title='bbox 1143 666 1296 720; x_wconf 84' lang='lat' dir='ltr'>primo,</span> <span class='ocrx_word' id='word_1_43' title='bbox 1331 674 1370 705; x_wconf 88' lang='lat' dir='ltr'>et</span> <span class='ocrx_word' id='word_1_44' title='bbox 1401 664 1537 704; x_wconf 80' lang='lat' dir='ltr'>ablata</span> <span class='ocrx_word' id='word_1_45' title='bbox 1559 662 1756 703; x_wconf 87' lang='lat' dir='ltr'>confede—</span> <span class='ocrx_word' id='word_1_46' title='bbox 1775 672 1791 705; x_wconf 81' lang='lat'><strong>5</strong></span> 
     </span>
     <span class='ocr_line' id='line_1_7' title="bbox 435 733 1758 792; baseline -0.007 -12"><span class='ocrx_word' id='word_1_47' title='bbox 435 741 617 792; x_wconf 83' lang='lat' dir='ltr'>racione,</span> <span class='ocrx_word' id='word_1_48' title='bbox 665 738 982 779; x_wconf 88' lang='lat' dir='ltr'>assecuracione</span> <span class='ocrx_word' id='word_1_49' title='bbox 1027 746 1067 778; x_wconf 88' lang='lat' dir='ltr'>et</span> <span class='ocrx_word' id='word_1_50' title='bbox 1101 736 1399 789; x_wconf 87' lang='lat' dir='ltr'>-occupacione</span> <span class='ocrx_word' id='word_1_51' title='bbox 1449 748 1547 774; x_wconf 92' lang='lat' dir='ltr'>cum</span> <span class='ocrx_word' id='word_1_52' title='bbox 1594 733 1758 773; x_wconf 86' lang='lat' dir='ltr'>mundo</span> 
     </span>
     <span class='ocr_line' id='line_1_8' title="bbox 436 804 1759 864; baseline -0.008 -13"><span class='ocrx_word' id='word_1_53' title='bbox 436 819 633 851; x_wconf 79' lang='lat' dir='ltr'>cresceret</span> <span class='ocrx_word' id='word_1_54' title='bbox 678 810 865 864; x_wconf 81' lang='lat' dir='ltr'>undique</span> <span class='ocrx_word' id='word_1_55' title='bbox 911 808 1070 848; x_wconf 87' lang='lat' dir='ltr'>fructus</span> <span class='ocrx_word' id='word_1_56' title='bbox 1117 807 1227 847; x_wconf 93' lang='lat' dir='ltr'>cleri.</span> <span class='ocrx_word' id='word_1_57' title='bbox 1275 808 1360 846; x_wconf 91' lang='lat' dir='ltr'>Nec</span> <span class='ocrx_word' id='word_1_58' title='bbox 1404 814 1464 845; x_wconf 88' lang='lat' dir='ltr'>est</span> <span class='ocrx_word' id='word_1_59' title='bbox 1503 804 1759 844; x_wconf 88' lang='lat' dir='ltr'>credendum</span> 
     </span>
     <span class='ocr_line' id='line_1_9' title="bbox 436 873 1759 935; baseline -0.008 -14"><span class='ocrx_word' id='word_1_60' title='bbox 436 882 553 935; x_wconf 83' lang='lat' dir='ltr'>quod</span> <span class='ocrx_word' id='word_1_61' title='bbox 586 882 635 920; x_wconf 85' lang='lat' dir='ltr'>ad</span> <span class='ocrx_word' id='word_1_62' title='bbox 670 880 1002 920; x_wconf 78' lang='lat' dir='ltr'>satisfaccionem</span> <span class='ocrx_word' id='word_1_63' title='bbox 1027 877 1189 932; x_wconf 77' lang='lat' dir='ltr'>tyranni</span> <span class='ocrx_word' id='word_1_64' title='bbox 1226 875 1448 929; x_wconf 76' lang='lat' dir='ltr'>requiritur</span> <span class='ocrx_word' id='word_1_65' title='bbox 1479 884 1524 914; x_wconf 92' lang='lat' dir='ltr'>ut</span> <span class='ocrx_word' id='word_1_66' title='bbox 1557 875 1625 914; x_wconf 90' lang='lat' dir='ltr'>det</span> <span class='ocrx_word' id='word_1_67' title='bbox 1648 873 1759 913; x_wconf 89' lang='lat' dir='ltr'>clero</span> 
     </span>
     <span class='ocr_line' id='line_1_10' title="bbox 436 943 1760 1003; baseline -0.007 -13"><span class='ocrx_word' id='word_1_68' title='bbox 436 951 776 991; x_wconf 80' lang='lat' dir='ltr'>dominacionem</span> <span class='ocrx_word' id='word_1_69' title='bbox 813 950 991 1003; x_wconf 78' lang='lat' dir='ltr'>civilem,</span> <span class='ocrx_word' id='word_1_70' title='bbox 1026 949 1096 987; x_wconf 84' lang='lat' dir='ltr'>sed</span> <span class='ocrx_word' id='word_1_71' title='bbox 1139 956 1308 1000; x_wconf 77' lang='lat' dir='ltr'>oportet</span> <span class='ocrx_word' id='word_1_72' title='bbox 1347 945 1463 999; x_wconf 82' lang='lat' dir='ltr'>quod</span> <span class='ocrx_word' id='word_1_73' title='bbox 1505 943 1760 985; x_wconf 78' lang='lat' dir='ltr'>satisfaciens</span> 
     </span>
     <span class='ocr_line' id='line_1_11' title="bbox 437 1015 1857 1075; baseline -0.006 -14"><span class='ocrx_word' id='word_1_74' title='bbox 437 1021 599 1075; x_wconf 87' lang='lat' dir='ltr'>capitali</span> <span class='ocrx_word' id='word_1_75' title='bbox 624 1025 647 1046; x_wconf 81' lang='lat'>-:÷</span> <span class='ocrx_word' id='word_1_76' title='bbox 671 1020 848 1060; x_wconf 88' lang='lat' dir='ltr'>domino</span> <span class='ocrx_word' id='word_1_77' title='bbox 883 1020 995 1059; x_wconf 87' lang='lat' dir='ltr'>iuvet</span> <span class='ocrx_word' id='word_1_78' title='bbox 1024 1032 1141 1058; x_wconf 89' lang='lat' dir='ltr'>suam</span> <span class='ocrx_word' id='word_1_79' title='bbox 1174 1016 1404 1068; x_wconf 83' lang='lat' dir='ltr'>ecclesiam,</span> <span class='ocrx_word' id='word_1_80' title='bbox 1438 1015 1527 1054; x_wconf 87' lang='lat' dir='ltr'>aliis</span> <span class='ocrx_word' id='word_1_81' title='bbox 1560 1024 1605 1054; x_wconf 89' lang='lat' dir='ltr'>ut</span> <span class='ocrx_word' id='word_1_82' title='bbox 1638 1027 1758 1067; x_wconf 78' lang='lat' dir='ltr'>egen—</span> <span class='ocrx_word' id='word_1_83' title='bbox 1781 1022 1857 1056; x_wconf 71' lang='lat'>1810</span> 
     </span>
     <span class='ocr_line' id='line_1_12' title="bbox 436 1085 1762 1143; baseline -0.007 -11"><span class='ocrx_word' id='word_1_84' title='bbox 436 1092 547 1132; x_wconf 90' lang='lat' dir='ltr'>tibus</span> <span class='ocrx_word' id='word_1_85' title='bbox 581 1091 852 1142; x_wconf 88' lang='lat' dir='ltr'>conferendo,</span> <span class='ocrx_word' id='word_1_86' title='bbox 898 1099 936 1130; x_wconf 90' lang='lat' dir='ltr'>et</span> <span class='ocrx_word' id='word_1_87' title='bbox 982 1086 1451 1143; x_wconf 81' lang='lat' dir='ltr'>superhabundantibus</span> <span class='ocrx_word' id='word_1_88' title='bbox 1484 1086 1549 1124; x_wconf 89' lang='lat' dir='ltr'>vel</span> <span class='ocrx_word' id='word_1_89' title='bbox 1590 1085 1762 1124; x_wconf 88' lang='lat' dir='ltr'>abuten-</span> 
     </span>
     <span class='ocr_line' id='line_1_13' title="bbox 438 1155 1761 1203; baseline -0.008 0"><span class='ocrx_word' id='word_1_90' title='bbox 438 1163 548 1203; x_wconf 84' lang='lat' dir='ltr'>tibus</span> <span class='ocrx_word' id='word_1_91' title='bbox 599 1162 902 1202; x_wconf 85' lang='lat' dir='ltr'>subtrahendo.</span> <span class='ocrx_word' id='word_1_92' title='bbox 978 1160 1043 1200; x_wconf 82' lang='lat' dir='ltr'>Sic</span> <span class='ocrx_word' id='word_1_93' title='bbox 1098 1159 1209 1200; x_wconf 86' lang='lat' dir='ltr'>enim</span> <span class='ocrx_word' id='word_1_94' title='bbox 1266 1157 1416 1196; x_wconf 86' lang='lat' dir='ltr'>dicitur</span> <span class='ocrx_word' id='word_1_95' title='bbox 1472 1155 1761 1196; x_wconf 86' lang='lat' dir='ltr'>Nabuchodo-</span> 
     </span>
     <span class='ocr_line' id='line_1_14' title="bbox 441 1230 1762 1282; baseline -0.007 -10"><span class='ocrx_word' id='word_1_96' title='bbox 441 1247 573 1273; x_wconf 89' lang='lat' dir='ltr'>nosor</span> <span class='ocrx_word' id='word_1_97' title='bbox 621 1247 667 1272; x_wconf 85' lang='lat' dir='ltr'>ex</span> <span class='ocrx_word' id='word_1_98' title='bbox 714 1231 861 1271; x_wconf 86' lang='lat' dir='ltr'>maiori</span> <span class='ocrx_word' id='word_1_99' title='bbox 911 1230 1123 1270; x_wconf 73' lang='lat' dir='ltr'>evidencia</span> <span class='ocrx_word' id='word_1_100' title='bbox 1166 1243 1293 1282; x_wconf 82' lang='lat' dir='ltr'>quam</span> <span class='ocrx_word' id='word_1_101' title='bbox 1344 1236 1536 1267; x_wconf 89' lang='lat' dir='ltr'>nostrum</span> <span class='ocrx_word' id='word_1_102' title='bbox 1584 1239 1762 1265; x_wconf 85' lang='lat' dir='ltr'>cesarem</span> 
     </span>
     <span class='ocr_line' id='line_1_15' title="bbox 443 1303 658 1343; baseline 0.005 -2"><span class='ocrx_word' id='word_1_103' title='bbox 443 1303 658 1343; x_wconf 87' lang='lat' dir='ltr'>meruisse.</span> 
     </span>
    </p>

    <p class='ocr_par' dir='ltr' id='par_1_3' title="bbox 197 1367 1823 1427">
     <span class='ocr_line' id='line_1_16' title="bbox 197 1367 1823 1427; baseline -0.006 -10"><span class='ocrx_word' id='word_1_104' title='bbox 197 1380 380 1412; x_wconf 67' lang='lat' dir='ltr'>Obiection:</span> <span class='ocrx_word' id='word_1_105' title='bbox 501 1374 666 1424; x_wconf 87' lang='lat' dir='ltr'>Quinto</span> <span class='ocrx_word' id='word_1_106' title='bbox 707 1373 894 1427; x_wconf 82' lang='lat' dir='ltr'>arguitur</span> <span class='ocrx_word' id='word_1_107' title='bbox 933 1385 1005 1424; x_wconf 88' lang='lat' dir='ltr'>per</span> <span class='ocrx_word' id='word_1_108' title='bbox 1043 1372 1251 1411; x_wconf 83' lang='lat' dir='ltr'>deducens</span> <span class='ocrx_word' id='word_1_109' title='bbox 1291 1370 1342 1410; x_wconf 89' lang='lat' dir='ltr'>ad</span> <span class='ocrx_word' id='word_1_110' title='bbox 1378 1368 1578 1409; x_wconf 80' lang='lat' dir='ltr'>familiare</span> <span class='ocrx_word' id='word_1_111' title='bbox 1617 1367 1764 1407; x_wconf 88' lang='lat' dir='ltr'>incon·</span> <span class='ocrx_word' id='word_1_112' title='bbox 1787 1375 1823 1407; x_wconf 75' lang='lat'>15</span> 
     </span>
    </p>
   </div>
   <div class='ocr_carea' id='block_1_3' title="bbox 161 1415 414 1452">
    <p class='ocr_par' dir='ltr' id='par_1_4' title="bbox 161 1415 414 1452">
     <span class='ocr_line' id='line_1_17' title="bbox 161 1415 414 1452; baseline -0.012 -7"><span class='ocrx_word' id='word_1_113' title='bbox 161 1417 185 1446; x_wconf 88' lang='grc'>5.</span> <span class='ocrx_word' id='word_1_114' title='bbox 208 1417 235 1444; x_wconf 77' lang='lat' dir='ltr'>lt&#39;</span> <span class='ocrx_word' id='word_1_115' title='bbox 254 1415 414 1452; x_wconf 73' lang='lat' dir='ltr'>perpetual</span> 
     </span>
    </p>
   </div>
   <div class='ocr_carea' id='block_1_4' title="bbox 150 1436 1765 1520">
    <p class='ocr_par' dir='ltr' id='par_1_5' title="bbox 150 1436 1765 1520">
     <span class='ocr_line' id='line_1_18' title="bbox 150 1436 1765 1515; baseline -0.008 -27"><span class='ocrx_word' id='word_1_116' title='bbox 150 1454 427 1515; x_wconf 48' lang='lat' dir='ltr'>³¹Eh⁵sacsglst2vssgng</span> <span class='ocrx_word' id='word_1_117' title='bbox 442 1445 612 1485; x_wconf 78' lang='lat' dir='ltr'>veniens</span> <span class='ocrx_word' id='word_1_118' title='bbox 651 1444 824 1484; x_wconf 86' lang='lat' dir='ltr'>scilicet:</span> <span class='ocrx_word' id='word_1_119' title='bbox 866 1443 907 1483; x_wconf 89' lang='lat' dir='ltr'>Si</span> <span class='ocrx_word' id='word_1_120' title='bbox 949 1443 1093 1482; x_wconf 86' lang='lat' dir='ltr'>beatus</span> <span class='ocrx_word' id='word_1_121' title='bbox 1134 1441 1332 1481; x_wconf 76' lang='lat' dir='ltr'>Silvester</span> <span class='ocrx_word' id='word_1_122' title='bbox 1372 1438 1559 1492; x_wconf 80' lang='lat' dir='ltr'>peccavit</span> <span class='ocrx_word' id='word_1_123' title='bbox 1592 1437 1631 1476; x_wconf 88' lang='lat' dir='ltr'>in</span> <span class='ocrx_word' id='word_1_124' title='bbox 1666 1436 1765 1476; x_wconf 86' lang='lat' dir='ltr'>reci-</span> 
     </span>
     <span class='ocr_line' id='line_1_19' title="bbox 339 1506 386 1520; baseline 0 -8"><span class='ocrx_word' id='word_1_125' title='bbox 339 1506 356 1520; x_wconf 61' lang='lat'>„</span> <span class='ocrx_word' id='word_1_126' title='bbox 380 1507 386 1512; x_wconf 79' lang='lat'>.</span> 
     </span>
    </p>
   </div>
   <div class='ocr_carea' id='block_1_5' title="bbox 187 1507 1829 2480">
    <p class='ocr_par' dir='ltr' id='par_1_6' title="bbox 187 1507 1828 2412">
     <span class='ocr_line' id='line_1_20' title="bbox 187 1507 1767 1585; baseline -0.006 -29"><span class='ocrx_word' id='word_1_127' title='bbox 187 1521 392 1585; x_wconf 41' lang='grc' dir='ltr'>οὲιξῑέἑιΐεέξ</span> <span class='ocrx_word' id='word_1_128' title='bbox 443 1516 600 1569; x_wconf 88' lang='lat' dir='ltr'>piendo</span> <span class='ocrx_word' id='word_1_129' title='bbox 635 1515 910 1554; x_wconf 86' lang='lat' dir='ltr'>dotacionem</span> <span class='ocrx_word' id='word_1_130' title='bbox 944 1512 1114 1552; x_wconf 88' lang='lat' dir='ltr'>ecclesie</span> <span class='ocrx_word' id='word_1_131' title='bbox 1148 1512 1188 1550; x_wconf 89' lang='lat' dir='ltr'>in</span> <span class='ocrx_word' id='word_1_132' title='bbox 1222 1519 1489 1564; x_wconf 80' lang='lat' dir='ltr'>perpetuum,</span> <span class='ocrx_word' id='word_1_133' title='bbox 1524 1507 1713 1562; x_wconf 84' lang='lat' dir='ltr'>sequitur</span> <span class='ocrx_word' id='word_1_134' title='bbox 1745 1521 1767 1546; x_wconf 85' lang='lat' dir='ltr'>a</span> 
     </span>
     <span class='ocr_line' id='line_1_21' title="bbox 444 1577 1768 1639; baseline -0.008 -14"><span class='ocrx_word' id='word_1_135' title='bbox 444 1586 528 1639; x_wconf 86' lang='lat' dir='ltr'>pari</span> <span class='ocrx_word' id='word_1_136' title='bbox 584 1586 700 1639; x_wconf 80' lang='lat' dir='ltr'>quod</span> <span class='ocrx_word' id='word_1_137' title='bbox 758 1584 934 1637; x_wconf 85' lang='lat' dir='ltr'>collegia</span> <span class='ocrx_word' id='word_1_138' title='bbox 978 1592 1119 1622; x_wconf 87' lang='lat' dir='ltr'>nostre</span> <span class='ocrx_word' id='word_1_139' title='bbox 1164 1580 1442 1621; x_wconf 82' lang='lat' dir='ltr'>universitatis</span> <span class='ocrx_word' id='word_1_140' title='bbox 1493 1577 1768 1618; x_wconf 85' lang='lat' dir='ltr'>verisimiliter</span> 
     </span>
     <span class='ocr_line' id='line_1_22' title="bbox 445 1648 1767 1709; baseline -0.008 -13"><span class='ocrx_word' id='word_1_141' title='bbox 445 1665 663 1709; x_wconf 78' lang='lat' dir='ltr'>peccarent</span> <span class='ocrx_word' id='word_1_142' title='bbox 702 1655 743 1694; x_wconf 89' lang='lat' dir='ltr'>in</span> <span class='ocrx_word' id='word_1_143' title='bbox 784 1654 1025 1707; x_wconf 87' lang='lat' dir='ltr'>recipiendo</span> <span class='ocrx_word' id='word_1_144' title='bbox 1061 1651 1310 1706; x_wconf 86' lang='lat' dir='ltr'>temporalia</span> <span class='ocrx_word' id='word_1_145' title='bbox 1342 1664 1420 1704; x_wconf 86' lang='lat' dir='ltr'>pro</span> <span class='ocrx_word' id='word_1_146' title='bbox 1454 1648 1767 1690; x_wconf 85' lang='lat' dir='ltr'>sustentacione</span> 
     </span>
     <span class='ocr_line' id='line_1_23' title="bbox 445 1718 1826 1780; baseline -0.008 -14"><span class='ocrx_word' id='word_1_147' title='bbox 445 1735 646 1780; x_wconf 86' lang='lat' dir='ltr'>perpetua</span> <span class='ocrx_word' id='word_1_148' title='bbox 686 1739 922 1778; x_wconf 87' lang='lat' dir='ltr'>pauperum</span> <span class='ocrx_word' id='word_1_149' title='bbox 962 1723 1230 1774; x_wconf 75' lang='lat' dir='ltr'>clericorum3</span> <span class='ocrx_word' id='word_1_150' title='bbox 1264 1730 1303 1761; x_wconf 90' lang='lat' dir='ltr'>et</span> <span class='ocrx_word' id='word_1_151' title='bbox 1335 1721 1391 1761; x_wconf 88' lang='lat' dir='ltr'>ita</span> <span class='ocrx_word' id='word_1_152' title='bbox 1424 1719 1612 1774; x_wconf 81' lang='lat' dir='ltr'>sequitur</span> <span class='ocrx_word' id='word_1_153' title='bbox 1650 1718 1767 1772; x_wconf 80' lang='lat' dir='ltr'>quod</span> <span class='ocrx_word' id='word_1_154' title='bbox 1785 1738 1826 1760; x_wconf 83' lang='lat'>20</span> 
     </span>
     <span class='ocr_line' id='line_1_24' title="bbox 445 1787 1767 1848; baseline -0.007 -12"><span class='ocrx_word' id='word_1_155' title='bbox 445 1807 531 1837; x_wconf 88' lang='lat' dir='ltr'>tam</span> <span class='ocrx_word' id='word_1_156' title='bbox 564 1795 699 1836; x_wconf 87' lang='lat' dir='ltr'>clerici</span> <span class='ocrx_word' id='word_1_157' title='bbox 740 1794 903 1834; x_wconf 91' lang='lat' dir='ltr'>domini</span> <span class='ocrx_word' id='word_1_158' title='bbox 936 1793 1262 1848; x_wconf 65' lang='lat' dir='ltr'>W&#39;yntoniensis</span> <span class='ocrx_word' id='word_1_159' title='bbox 1296 1806 1425 1845; x_wconf 83' lang='lat' dir='ltr'>quam</span> <span class='ocrx_word' id='word_1_160' title='bbox 1457 1790 1524 1830; x_wconf 88' lang='lat' dir='ltr'>alii</span> <span class='ocrx_word' id='word_1_161' title='bbox 1559 1787 1767 1841; x_wconf 85' lang='lat' dir='ltr'>collegiati</span> 
     </span>
     <span class='ocr_line' id='line_1_25' title="bbox 447 1864 1769 1919; baseline -0.008 -12"><span class='ocrx_word' id='word_1_162' title='bbox 447 1876 643 1907; x_wconf 77' lang='lat' dir='ltr'>tenentur</span> <span class='ocrx_word' id='word_1_163' title='bbox 682 1879 769 1905; x_wconf 91' lang='lat' dir='ltr'>non</span> <span class='ocrx_word' id='word_1_164' title='bbox 807 1864 1058 1919; x_wconf 88' lang='lat' dir='ltr'>perpetuari,</span> <span class='ocrx_word' id='word_1_165' title='bbox 1099 1872 1137 1904; x_wconf 90' lang='lat' dir='ltr'>et</span> <span class='ocrx_word' id='word_1_166' title='bbox 1183 1876 1255 1917; x_wconf 85' lang='lat' dir='ltr'>per</span> <span class='ocrx_word' id='word_1_167' title='bbox 1293 1874 1556 1915; x_wconf 85' lang='lat' dir='ltr'>consequens</span> <span class='ocrx_word' id='word_1_168' title='bbox 1596 1872 1769 1898; x_wconf 84' lang='lat' dir='ltr'>monere</span> 
     </span>
     <span class='ocr_line' id='line_1_26' title="bbox 448 1932 1771 1991; baseline -0.008 -14"><span class='ocrx_word' id='word_1_169' title='bbox 448 1946 651 1991; x_wconf 86' lang='lat' dir='ltr'>patronos</span> <span class='ocrx_word' id='word_1_170' title='bbox 690 1937 741 1976; x_wconf 87' lang='lat' dir='ltr'>ad</span> <span class='ocrx_word' id='word_1_171' title='bbox 780 1934 1102 1974; x_wconf 82' lang='lat' dir='ltr'>dissolvendum</span> <span class='ocrx_word' id='word_1_172' title='bbox 1135 1932 1350 1987; x_wconf 77' lang='lat' dir='ltr'>privilegia</span> <span class='ocrx_word' id='word_1_173' title='bbox 1383 1940 1598 1985; x_wconf 85' lang='lat' dir='ltr'>perpetua,</span> <span class='ocrx_word' id='word_1_174' title='bbox 1631 1938 1677 1969; x_wconf 91' lang='lat' dir='ltr'>ut</span> <span class='ocrx_word' id='word_1_175' title='bbox 1711 1938 1771 1968; x_wconf 89' lang='lat' dir='ltr'>est</span> 
     </span>
     <span class='ocr_line' id='line_1_27' title="bbox 448 2000 1770 2061; baseline -0.006 -15"><span class='ocrx_word' id='word_1_176' title='bbox 448 2009 497 2048; x_wconf 82' lang='lat' dir='ltr'>de</span> <span class='ocrx_word' id='word_1_177' title='bbox 543 2006 768 2061; x_wconf 81' lang='lat' dir='ltr'>privilegiis</span> <span class='ocrx_word' id='word_1_178' title='bbox 813 2005 1026 2059; x_wconf 87' lang='lat' dir='ltr'>perpetuis</span> <span class='ocrx_word' id='word_1_179' title='bbox 1064 2003 1272 2044; x_wconf 89' lang='lat' dir='ltr'>concessis</span> <span class='ocrx_word' id='word_1_180' title='bbox 1320 2000 1577 2042; x_wconf 87' lang='lat' dir='ltr'>universitati</span> <span class='ocrx_word' id='word_1_181' title='bbox 1628 2008 1770 2039; x_wconf 87' lang='lat' dir='ltr'>nostre</span> 
     </span>
     <span class='ocr_line' id='line_1_28' title="bbox 448 2069 1828 2131; baseline -0.005 -13"><span class='ocrx_word' id='word_1_182' title='bbox 448 2093 470 2118; x_wconf 87' lang='lat' dir='ltr'>a</span> <span class='ocrx_word' id='word_1_183' title='bbox 492 2092 603 2131; x_wconf 77' lang='lat' dir='ltr'>rege,</span> <span class='ocrx_word' id='word_1_184' title='bbox 638 2087 676 2117; x_wconf 87' lang='lat' dir='ltr'>et</span> <span class='ocrx_word' id='word_1_185' title='bbox 709 2076 765 2117; x_wconf 92' lang='lat' dir='ltr'>sic</span> <span class='ocrx_word' id='word_1_186' title='bbox 789 2076 839 2115; x_wconf 90' lang='lat' dir='ltr'>de</span> <span class='ocrx_word' id='word_1_187' title='bbox 872 2074 1062 2116; x_wconf 87' lang='lat' dir='ltr'>cantariis</span> <span class='ocrx_word' id='word_1_188' title='bbox 1096 2083 1135 2114; x_wconf 90' lang='lat' dir='ltr'>et</span> <span class='ocrx_word' id='word_1_189' title='bbox 1167 2073 1255 2112; x_wconf 85' lang='lat' dir='ltr'>aliis</span> <span class='ocrx_word' id='word_1_190' title='bbox 1279 2071 1522 2113; x_wconf 89' lang='lat' dir='ltr'>elemosinis</span> <span class='ocrx_word' id='word_1_191' title='bbox 1545 2069 1828 2125; x_wconf 78' lang='lat' dir='ltr'>perpetuis.25</span> 
     </span>
     <span class='ocr_line' id='line_1_29' title="bbox 448 2141 1772 2200; baseline -0.007 -13"><span class='ocrx_word' id='word_1_192' title='bbox 448 2149 700 2199; x_wconf 80' lang='lat' dir='ltr'>Revocetur,</span> <span class='ocrx_word' id='word_1_193' title='bbox 733 2146 882 2200; x_wconf 80' lang='lat' dir='ltr'>inquit,</span> <span class='ocrx_word' id='word_1_194' title='bbox 914 2145 992 2185; x_wconf 83' lang='lat' dir='ltr'>ista</span> <span class='ocrx_word' id='word_1_195' title='bbox 1022 2144 1191 2196; x_wconf 84' lang='lat' dir='ltr'>heresis,</span> <span class='ocrx_word' id='word_1_196' title='bbox 1225 2157 1323 2184; x_wconf 90' lang='lat' dir='ltr'>cum</span> <span class='ocrx_word' id='word_1_197' title='bbox 1355 2142 1612 2195; x_wconf 84' lang='lat' dir='ltr'>extingueret</span> <span class='ocrx_word' id='word_1_198' title='bbox 1644 2141 1772 2180; x_wconf 84' lang='lat' dir='ltr'>devo-</span> 
     </span>
     <span class='ocr_line' id='line_1_30' title="bbox 450 2211 1774 2271; baseline -0.007 -14"><span class='ocrx_word' id='word_1_199' title='bbox 450 2218 615 2258; x_wconf 88' lang='lat' dir='ltr'>cionem</span> <span class='ocrx_word' id='word_1_200' title='bbox 663 2216 828 2271; x_wconf 88' lang='lat' dir='ltr'>populi,</span> <span class='ocrx_word' id='word_1_201' title='bbox 875 2215 1127 2255; x_wconf 87' lang='lat' dir='ltr'>elemosinas</span> <span class='ocrx_word' id='word_1_202' title='bbox 1176 2222 1398 2267; x_wconf 88' lang='lat' dir='ltr'>perpetuas</span> <span class='ocrx_word' id='word_1_203' title='bbox 1432 2211 1695 2261; x_wconf 78' lang='lat' dir='ltr'>clericorum,</span> <span class='ocrx_word' id='word_1_204' title='bbox 1735 2218 1774 2249; x_wconf 87' lang='lat' dir='ltr'>et</span> 
     </span>
     <span class='ocr_line' id='line_1_31' title="bbox 450 2281 1775 2343; baseline -0.006 -18"><span class='ocrx_word' id='word_1_205' title='bbox 450 2303 522 2343; x_wconf 85' lang='lat' dir='ltr'>per</span> <span class='ocrx_word' id='word_1_206' title='bbox 569 2301 832 2341; x_wconf 80' lang='lat' dir='ltr'>consequens</span> <span class='ocrx_word' id='word_1_207' title='bbox 878 2287 1040 2326; x_wconf 86' lang='lat' dir='ltr'>cederet</span> <span class='ocrx_word' id='word_1_208' title='bbox 1084 2286 1135 2324; x_wconf 83' lang='lat' dir='ltr'>ad</span> <span class='ocrx_word' id='word_1_209' title='bbox 1187 2284 1483 2324; x_wconf 87' lang='lat' dir='ltr'>detrimentum</span> <span class='ocrx_word' id='word_1_210' title='bbox 1540 2281 1775 2320; x_wconf 87' lang='lat' dir='ltr'>maximum</span> 
     </span>
     <span class='ocr_line' id='line_1_32' title="bbox 451 2356 1018 2412; baseline -0.005 -13"><span class='ocrx_word' id='word_1_211' title='bbox 451 2358 706 2412; x_wconf 80' lang='lat' dir='ltr'>pauperibus</span> <span class='ocrx_word' id='word_1_212' title='bbox 741 2357 781 2396; x_wconf 89' lang='lat' dir='ltr'>in</span> <span class='ocrx_word' id='word_1_213' title='bbox 816 2356 1018 2396; x_wconf 88' lang='lat' dir='ltr'>futurum.</span> 
     </span>
    </p>

    <p class='ocr_par' dir='ltr' id='par_1_7' title="bbox 222 2419 1829 2480">
     <span class='ocr_line' id='line_1_33' title="bbox 222 2419 1829 2480; baseline -0.008 -10"><span class='ocrx_word' id='word_1_214' title='bbox 222 2443 372 2471; x_wconf 76' lang='lat' dir='ltr'>Answer:</span> <span class='ocrx_word' id='word_1_215' title='bbox 513 2429 591 2469; x_wconf 89' lang='lat' dir='ltr'>Hic</span> <span class='ocrx_word' id='word_1_216' title='bbox 636 2428 730 2467; x_wconf 85' lang='lat' dir='ltr'>dico</span> <span class='ocrx_word' id='word_1_217' title='bbox 776 2426 914 2480; x_wconf 90' lang='lat' dir='ltr'>primo</span> <span class='ocrx_word' id='word_1_218' title='bbox 955 2426 1071 2480; x_wconf 89' lang='lat' dir='ltr'>quod</span> <span class='ocrx_word' id='word_1_219' title='bbox 1106 2423 1412 2478; x_wconf 80' lang='lat' dir='ltr'>consequencia</span> <span class='ocrx_word' id='word_1_220' title='bbox 1446 2436 1532 2461; x_wconf 91' lang='lat' dir='ltr'>non</span> <span class='ocrx_word' id='word_1_221' title='bbox 1572 2419 1829 2474; x_wconf 81' lang='lat' dir='ltr'>procedit‚K</span> 
     </span>
    </p>
   </div>
   <div class='ocr_carea' id='block_1_6' title="bbox 162 2478 440 2513">
    <p class='ocr_par' dir='ltr' id='par_1_8' title="bbox 162 2478 440 2513">
     <span class='ocr_line' id='line_1_34' title="bbox 162 2478 440 2513; baseline -0.004 -8"><span class='ocrx_word' id='word_1_222' title='bbox 162 2480 210 2505; x_wconf 88' lang='lat' dir='ltr'>An</span> <span class='ocrx_word' id='word_1_223' title='bbox 234 2484 281 2505; x_wconf 82' lang='lat' dir='ltr'>act</span> <span class='ocrx_word' id='word_1_224' title='bbox 307 2486 377 2513; x_wconf 88' lang='lat' dir='ltr'>may</span> <span class='ocrx_word' id='word_1_225' title='bbox 403 2478 440 2504; x_wconf 85' lang='lat' dir='ltr'>be</span> 
     </span>
    </p>
   </div>
   <div class='ocr_carea' id='block_1_7' title="bbox 162 2492 1776 2613">
    <p class='ocr_par' dir='ltr' id='par_1_9' title="bbox 162 2492 1776 2613">
     <span class='ocr_line' id='line_1_35' title="bbox 162 2492 1776 2551; baseline -0.007 -11"><span class='ocrx_word' id='word_1_226' title='bbox 162 2513 439 2551; x_wconf 24' lang='lat' dir='ltr'>goma-yemoiich„</span> <span class='ocrx_word' id='word_1_227' title='bbox 456 2513 549 2539; x_wconf 86' lang='lat' dir='ltr'>cum</span> <span class='ocrx_word' id='word_1_228' title='bbox 592 2498 726 2537; x_wconf 86' lang='lat' dir='ltr'>homo</span> <span class='ocrx_word' id='word_1_229' title='bbox 772 2505 912 2550; x_wconf 88' lang='lat' dir='ltr'>potest</span> <span class='ocrx_word' id='word_1_230' title='bbox 957 2495 1088 2535; x_wconf 88' lang='lat' dir='ltr'>facere</span> <span class='ocrx_word' id='word_1_231' title='bbox 1133 2495 1291 2534; x_wconf 88' lang='lat' dir='ltr'>nedum</span> <span class='ocrx_word' id='word_1_232' title='bbox 1335 2494 1500 2532; x_wconf 85' lang='lat' dir='ltr'>bonum</span> <span class='ocrx_word' id='word_1_233' title='bbox 1533 2492 1582 2530; x_wconf 87' lang='lat' dir='ltr'>de</span> <span class='ocrx_word' id='word_1_234' title='bbox 1613 2503 1776 2544; x_wconf 83' lang='lat' dir='ltr'>genere,</span> 
     </span>
     <span class='ocr_line' id='line_1_36' title="bbox 181 2548 1775 2613; baseline -0.008 -3"><span class='ocrx_word' id='word_1_235' title='bbox 181 2548 414 2609; x_wconf 43' lang='lat' dir='ltr'>edu¹isiin⁸f¹¹¹³¹</span> <span class='ocrx_word' id='word_1_236' title='bbox 457 2570 527 2609; x_wconf 90' lang='lat' dir='ltr'>sed</span> <span class='ocrx_word' id='word_1_237' title='bbox 561 2569 664 2608; x_wconf 88' lang='lat' dir='ltr'>bene</span> <span class='ocrx_word' id='word_1_238' title='bbox 692 2567 905 2607; x_wconf 86' lang='lat' dir='ltr'>moraliter</span> <span class='ocrx_word' id='word_1_239' title='bbox 938 2575 977 2606; x_wconf 92' lang='lat' dir='ltr'>et</span> <span class='ocrx_word' id='word_1_240' title='bbox 1009 2575 1149 2606; x_wconf 86' lang='lat' dir='ltr'>tamen</span> <span class='ocrx_word' id='word_1_241' title='bbox 1185 2579 1278 2605; x_wconf 89' lang='lat' dir='ltr'>cum</span> <span class='ocrx_word' id='word_1_242' title='bbox 1315 2564 1396 2603; x_wconf 88' lang='lat' dir='ltr'>hoc</span> <span class='ocrx_word' id='word_1_243' title='bbox 1429 2573 1469 2602; x_wconf 90' lang='lat' dir='ltr'>et</span> <span class='ocrx_word' id='word_1_244' title='bbox 1501 2561 1543 2600; x_wconf 90' lang='lat' dir='ltr'>in</span> <span class='ocrx_word' id='word_1_245' title='bbox 1575 2561 1657 2600; x_wconf 92' lang='lat' dir='ltr'>hoc</span> <span class='ocrx_word' id='word_1_246' title='bbox 1681 2573 1775 2613; x_wconf 89' lang='lat' dir='ltr'>pec-</span> 
     </span>
    </p>
   </div>
   <div class='ocr_carea' id='block_1_8' title="bbox 456 2628 1776 2690">
    <p class='ocr_par' dir='ltr' id='par_1_10' title="bbox 456 2628 1776 2690">
     <span class='ocr_line' id='line_1_37' title="bbox 456 2628 1776 2690; baseline -0.011 -10"><span class='ocrx_word' id='word_1_247' title='bbox 456 2654 546 2680; x_wconf 86' lang='lat' dir='ltr'>care</span> <span class='ocrx_word' id='word_1_248' title='bbox 579 2639 806 2689; x_wconf 78' lang='lat' dir='ltr'>venialiter,</span> <span class='ocrx_word' id='word_1_249' title='bbox 842 2648 887 2679; x_wconf 90' lang='lat' dir='ltr'>ut</span> <span class='ocrx_word' id='word_1_250' title='bbox 920 2638 995 2677; x_wconf 90' lang='lat' dir='ltr'>ista</span> <span class='ocrx_word' id='word_1_251' title='bbox 1019 2651 1112 2690; x_wconf 85' lang='lat' dir='ltr'>pars</span> <span class='ocrx_word' id='word_1_252' title='bbox 1135 2637 1260 2676; x_wconf 91' lang='lat' dir='ltr'>habet</span> <span class='ocrx_word' id='word_1_253' title='bbox 1298 2635 1431 2674; x_wconf 90' lang='lat' dir='ltr'>dicere</span> <span class='ocrx_word' id='word_1_254' title='bbox 1456 2634 1496 2672; x_wconf 89' lang='lat' dir='ltr'>in</span> <span class='ocrx_word' id='word_1_255' title='bbox 1520 2628 1776 2672; x_wconf 85' lang='lat' dir='ltr'>familiariori</span> 
     </span>
    </p>
   </div>
   <div class='ocr_carea' id='block_1_9' title="bbox 458 2779 1780 2913">
    <p class='ocr_par' dir='ltr' id='par_1_11' title="bbox 458 2779 1780 2913">
     <span class='ocr_line' id='line_1_38' title="bbox 509 2779 1778 2818; baseline -0.009 -1"><span class='ocrx_word' id='word_1_256' title='bbox 509 2790 533 2818; x_wconf 84' lang='lat'>3.</span> <span class='ocrx_word' id='word_1_257' title='bbox 556 2789 594 2817; x_wconf 81' lang='lat' dir='ltr'>B:</span> <span class='ocrx_word' id='word_1_258' title='bbox 625 2788 810 2817; x_wconf 79' lang='lat' dir='ltr'>continuum</span> <span class='ocrx_word' id='word_1_259' title='bbox 845 2788 941 2814; x_wconf 78' lang='lat' dir='ltr'>deest.</span> <span class='ocrx_word' id='word_1_260' title='bbox 1088 2786 1114 2813; x_wconf 81' lang='lat'>6.</span> <span class='ocrx_word' id='word_1_261' title='bbox 1139 2785 1178 2812; x_wconf 81' lang='lat'>13:</span> <span class='ocrx_word' id='word_1_262' title='bbox 1206 2789 1235 2813; x_wconf 86' lang='lat' dir='ltr'>et</span> <span class='ocrx_word' id='word_1_263' title='bbox 1261 2782 1514 2812; x_wconf 79' lang='lat' dir='ltr'>assecuracione.</span> <span class='ocrx_word' id='word_1_264' title='bbox 1615 2789 1646 2807; x_wconf 83' lang='grc' dir='ltr'>ιι.</span> <span class='ocrx_word' id='word_1_265' title='bbox 1670 2788 1707 2807; x_wconf 84' lang='lat'>12.</span> <span class='ocrx_word' id='word_1_266' title='bbox 1739 2779 1778 2806; x_wconf 80' lang='lat'>13:</span> 
     </span>
     <span class='ocr_line' id='line_1_39' title="bbox 458 2826 1778 2866; baseline -0.01 -2"><span class='ocrx_word' id='word_1_267' title='bbox 458 2837 494 2864; x_wconf 87' lang='lat' dir='ltr'>ab</span> <span class='ocrx_word' id='word_1_268' title='bbox 516 2836 673 2864; x_wconf 75' lang='lat' dir='ltr'>utentibus</span> <span class='ocrx_word' id='word_1_269' title='bbox 694 2834 855 2863; x_wconf 80' lang='lat' dir='ltr'>trahendo.</span> <span class='ocrx_word' id='word_1_270' title='bbox 999 2833 1036 2861; x_wconf 79' lang='lat'>15.</span> <span class='ocrx_word' id='word_1_271' title='bbox 1058 2834 1085 2860; x_wconf 85' lang='lat' dir='ltr'>A</span> <span class='ocrx_word' id='word_1_272' title='bbox 1109 2832 1138 2859; x_wconf 87' lang='lat' dir='ltr'>in</span> <span class='ocrx_word' id='word_1_273' title='bbox 1161 2839 1276 2866; x_wconf 58' lang='lat' dir='ltr'>marg:</span> <span class='ocrx_word' id='word_1_274' title='bbox 1299 2830 1415 2866; x_wconf 82' lang='lat' dir='ltr'>Quinta</span> <span class='ocrx_word' id='word_1_275' title='bbox 1436 2829 1522 2856; x_wconf 86' lang='lat' dir='ltr'>racio</span> <span class='ocrx_word' id='word_1_276' title='bbox 1675 2834 1717 2855; x_wconf 83' lang='lat'>22.</span> <span class='ocrx_word' id='word_1_277' title='bbox 1739 2826 1778 2852; x_wconf 74' lang='lat'>13:</span> 
     </span>
     <span class='ocr_line' id='line_1_40' title="bbox 458 2873 1780 2913; baseline -0.01 -2"><span class='ocrx_word' id='word_1_278' title='bbox 458 2888 600 2911; x_wconf 78' lang='lat' dir='ltr'>tenentur</span> <span class='ocrx_word' id='word_1_279' title='bbox 622 2883 696 2910; x_wconf 84' lang='lat' dir='ltr'>velle</span> <span class='ocrx_word' id='word_1_280' title='bbox 719 2889 791 2909; x_wconf 85' lang='lat' dir='ltr'>non.</span> <span class='ocrx_word' id='word_1_281' title='bbox 943 2887 989 2913; x_wconf 65' lang='lat'>24.</span> <span class='ocrx_word' id='word_1_282' title='bbox 1007 2878 1047 2907; x_wconf 77' lang='lat'>25.</span> <span class='ocrx_word' id='word_1_283' title='bbox 1070 2879 1106 2906; x_wconf 73' lang='lat'>13:</span> <span class='ocrx_word' id='word_1_284' title='bbox 1132 2879 1228 2906; x_wconf 86' lang='lat' dir='ltr'>nostri</span> <span class='ocrx_word' id='word_1_285' title='bbox 1250 2886 1266 2904; x_wconf 80' lang='lat' dir='ltr'>a</span> <span class='ocrx_word' id='word_1_286' title='bbox 1287 2885 1369 2912; x_wconf 75' lang='lat' dir='ltr'>rege.</span> <span class='ocrx_word' id='word_1_287' title='bbox 1542 2874 1586 2901; x_wconf 73' lang='lat'>26.</span> <span class='ocrx_word' id='word_1_288' title='bbox 1609 2873 1780 2907; x_wconf 68' lang='lat' dir='ltr'>extigueoet</span> 
     </span>
    </p>
   </div>
   <div class='ocr_carea' id='block_1_10' title="bbox 461 2924 1247 2961">
    <p class='ocr_par' dir='ltr' id='par_1_12' title="bbox 461 2924 1247 2961">
     <span class='ocr_line' id='line_1_41' title="bbox 461 2924 1247 2961; baseline -0.006 -5"><span class='ocrx_word' id='word_1_289' title='bbox 461 2929 489 2956; x_wconf 87' lang='lat' dir='ltr'>in</span> <span class='ocrx_word' id='word_1_290' title='bbox 512 2929 603 2956; x_wconf 67' lang='lat' dir='ltr'>codd.</span> <span class='ocrx_word' id='word_1_291' title='bbox 749 2926 795 2955; x_wconf 89' lang='lat'>30.</span> <span class='ocrx_word' id='word_1_292' title='bbox 819 2929 843 2954; x_wconf 82' lang='grc' dir='ltr'>Λ</span> <span class='ocrx_word' id='word_1_293' title='bbox 861 2926 890 2954; x_wconf 89' lang='lat' dir='ltr'>in</span> <span class='ocrx_word' id='word_1_294' title='bbox 917 2934 1003 2961; x_wconf 67' lang='lat' dir='ltr'>marg</span> <span class='ocrx_word' id='word_1_295' title='bbox 1026 2938 1032 2954; x_wconf 90' lang='grc'>;</span> <span class='ocrx_word' id='word_1_296' title='bbox 1061 2924 1247 2960; x_wconf 77' lang='lat' dir='ltr'>Responsio.</span> 
     </span>
    </p>
   </div>
  </div>
 </body>
</html>
