2045 3312
167 252 245 280 112

157 995 340 1025 Erroneous
360 999 408 1026 de-

170 1032 291 1059 finition
315 1033 350 1060 os
366 1033 416 1061 the

164 1066 289 1094 Church
310 1076 342 1094 as
363 1069 414 1096 the

174 1103 336 1130 multitude
359 1104 394 1132 of

147 1136 321 1165 Christians
354 1140 424 1167 who

145 1171 222 1207 keep
245 1174 346 1201 whole
374 1176 424 1202 the

195 1213 263 1235 true
284 1208 370 1237 saith.

151 1700 228 1729 This
250 1703 407 1731 definitior]

174 1738 319 1765 excludes
341 1739 390 1766 the

165 1772 202 1799 O.
227 1771 264 1800 Τ.
286 1772 390 1801 Saints

179 2471 239 2498 and
262 2471 366 2500 Christ

206 2506 339 2544 himself,

880 258 1105 292 JOHANNIS
1131 261 1325 295 WYCLIF.
1622 249 1775 309 [cmv.

450 372 539 412 cap.
573 361 689 400 XIX0
720 371 759 402 et
792 364 1071 418 Augustinus,
1105 367 1282 420 epistola
1324 368 1519 408 XXXIIIa
1547 369 1598 407 ad
1643 369 1771 408 Boni·
1792 380 1928 423 143dR,

454 427 622 483 facium,
656 435 878 486 quomodo
912 437 1083 478 ecclesia
1115 437 1305 478 fidelium
1338 447 1399 479 est
1422 439 1578 493 ubique
1611 438 1773 493 diffusa,

454 499 626 546 ecclesia
657 512 801 543 autem
831 504 1115 548 hereticorum
1148 517 1209 549 est
1239 508 1282 548 in
1314 523 1444 563 parvo
1467 509 1624 564 angulo
1658 523 1773 550 coar-

451 579 546 610 tata.
618 573 894 616 predestinati
946 591 1099 631 nempe
1158 578 1333 620 dilatant
1383 594 1502 620 more
1555 580 1772 620 celestium

446 639 607 683 fructus
654 657 782 697 suos,
833 646 902 686 alii
946 657 1090 688 autem
1131 649 1228 690 licet
1278 650 1361 691 sint
1402 650 1500 691 hinc
1543 650 1685 705 plures
1729 650 1806 694 in5

444 724 636 766 numero,
654 729 774 756 more
788 718 1047 759 terrestrium
1062 720 1420 775 constringuntur.
1438 720 1631 763 Christus
1655 720 1769 761 enim

446 793 572 836 caput
603 784 754 838 prioris
788 788 959 829 ecclesie
993 789 1060 829 cui
1093 800 1262 845 oportet
1294 800 1341 832 ut
1379 793 1562 833 secunda
1600 793 1766 833 subser-

442 852 539 906 viat,
573 864 634 895 est
665 857 888 909 potencior
918 869 1034 913 patre
1066 862 1277 902 mendacii
1301 876 1428 917 quem
1461 863 1518 904 sic
1549 862 1663 917 ligat,
1686 862 1767 903 hoc

445 932 518 976 est,
552 924 694 978 ipsum
725 927 768 966 in
801 930 1003 971 membris
1043 932 1128 972 suis
1167 933 1372 987 penaliter
1409 933 1467 974 sic
1506 933 1764 986 constringit.

500 994 545 1033 In
578 995 655 1036 ista
686 1011 785 1038 vero
817 1001 993 1041 materia
1025 1011 1086 1042 est
1126 1002 1301 1057 quidam
1339 1004 1489 1044 doctor
1526 1003 1809 1048 describenss

440 1064 659 1106 ecclesiam
691 1069 768 1108 sub
791 1072 815 1095 ÷÷
837 1070 914 1111 hac
947 1071 1103 1113 forma:
1143 1073 1356 1127 Ecclesia,
1388 1074 1538 1129 inquit,
1572 1081 1633 1114 est
1664 1075 1863 1128 uni-144n

439 1137 625 1177 versalis
657 1139 886 1180 multitudo
910 1144 1100 1183 omnium
1125 1145 1481 1195 christianorum,
1505 1145 1759 1186 habene-ium

441 1218 496 1245 ex
528 1207 700 1262 integro
734 1217 895 1250 rectam
937 1218 975 1251 et
1014 1213 1195 1255 eandem
1225 1215 1366 1269 fidem
1415 1229 1501 1269 per
1543 1215 1760 1255 Christum

438 1283 476 1316 et
514 1280 735 1331 apostolos
779 1281 1052 1336 divulgatam
1100 1290 1140 1324 et
1189 1298 1216 1324 a
1273 1287 1436 1326 sanctis
1473 1286 1678 1339 patribus
1726 1292 1765 1325 et

437 1349 628 1389 consiliis
641 1353 926 1403 generalibus
940 1353 1226 1396 declaratam.
1247 1357 1300 1397 Et
1313 1365 1429 1410 patet
1444 1357 1559 1411 quod
1575 1355 1764 1410 loquitur
1783 1367 1818 1399 15

437 1418 488 1457 de
521 1432 604 1459 una
637 1431 781 1462 sancta
815 1424 988 1465 ecclesia
1022 1426 1240 1479 catholica,
1274 1428 1373 1482 quia
1395 1428 1513 1468 aliter
1536 1440 1623 1467 non
1645 1440 1760 1466 assu-

436 1499 568 1530 meret
599 1505 677 1544 pro
722 1506 873 1546 genere
921 1497 1037 1548 quod
1084 1496 1174 1550 ipsa
1218 1498 1391 1538 ecclesia
1435 1498 1488 1539 sit
1530 1497 1760 1537 multitudo

434 1562 630 1602 omnium
664 1563 1001 1607 christianorum.
1037 1568 1192 1617 Primo,
1227 1569 1415 1623 inquam,
1449 1568 1613 1608 videtur
1645 1567 1790 1621 quodl

433 1632 536 1671 nulli
570 1644 707 1686 patres
739 1637 887 1677 veteris
921 1639 1159 1679 testamenti
1192 1639 1362 1680 fuerunt
1395 1641 1444 1679 de
1477 1639 1546 1679 illa
1570 1638 1758 1689 ecclesia,

433 1701 530 1755 quia
562 1703 631 1743 illa
663 1719 748 1745 non
783 1706 860 1747 fuit
891 1718 1121 1763 antequam
1154 1710 1347 1751 Christus
1380 1725 1473 1750 eam
1505 1709 1651 1763 genuit
1682 1722 1756 1761 per
1775 1730 1816 1751 ρο

433 1772 636 1814 effluxum
669 1777 885 1829 sanguinis
919 1788 958 1819 et
990 1794 1098 1834 aque
1130 1781 1181 1821 de
1214 1795 1292 1822 suo
1336 1782 1462 1822 latere
1507 1778 1755 1819 dormientis

431 1842 471 1882 in
506 1858 627 1885 cruce
662 1845 726 1901 (ut
751 1848 903 1888 dicitur
933 1850 1024 1889 Joh.
1059 1851 1179 1891 XIX0
1216 1850 1304 1908 34),
1340 1853 1413 1893 sed
1444 1851 1526 1891 hoc
1560 1863 1647 1890 non
1679 1848 1756 1888 suit

431 1928 509 1966 pro
542 1925 734 1970 tempore
779 1928 949 1971 patrum
980 1922 1129 1961 veteris
1162 1923 1416 1975 testamenti,
1449 1936 1548 1976 ergo
1581 1933 1656 1960 nec
1679 1919 1747 1958 illa

431 1986 614 2026 ecclesia.
641 1988 701 2026 Ex
725 2002 811 2042 quo
835 1990 1024 2043 sequitur
1060 1993 1175 2046 quod
1199 2007 1297 2033 curn
1319 2000 1448 2034 extra
1471 1994 1590 2033 illam
1616 1990 1748 2031 eccle—

429 2056 538 2094 siam
573 2070 657 2097 non
690 2066 753 2098 est
782 2061 904 2100 salus
950 2061 1015 2117 (ut
1046 2072 1160 2116 patet
1201 2063 1241 2103 in
1286 2073 1577 2117 extravagante
1623 2059 1752 2102 Boni·
1771 2073 1810 2105 25

430 2125 522 2165 facii
565 2125 682 2170 Vllli.
744 2129 882 2169 Unam
916 2131 1147 2188 sanctam),
1182 2134 1323 2174 nullus
1374 2146 1546 2188 patrum
1600 2135 1749 2175 veteris

428 2198 666 2237 testamenti
692 2199 931 2241 salvabitur.
966 2203 1063 2242 Non
1088 2204 1201 2244 enim
1219 2204 1324 2245 foret
1347 2206 1558 2258 pertinens
1582 2206 1748 2246 decreto

429 2266 562 2306 dicere
597 2269 712 2322 quod
746 2281 858 2310 extra
892 2285 1021 2312 unam
1054 2284 1241 2314 sanctam
1271 2286 1309 2315 et
1343 2276 1593 2316 catholicam
1619 2276 1747 2316 eccle-

428 2335 532 2376 siam
566 2352 650 2377 non
685 2348 746 2378 est
778 2341 888 2380 salus
922 2342 999 2381 nisi
1033 2343 1257 2385 intenderit
1289 2347 1405 2400 quod
1447 2361 1574 2386 nemo
1615 2346 1744 2386 salva-

427 2406 538 2446 bitur
571 2408 645 2448 nisi
682 2409 803 2449 fuerit
819 2411 966 2452 dcilla.
1001 2413 1197 2454 Secundo
1216 2416 1404 2470 sequitur
1419 2417 1534 2471 quod
1553 2416 1783 2459 Christus2

426 2469 510 2515 non
546 2477 596 2518 sit
629 2480 679 2518 de
728 2479 797 2520 illa
844 2483 1030 2536 ecclesia,
1064 2485 1164 2538 quia
1208 2499 1293 2525 non
1338 2496 1398 2526 est
1430 2487 1480 2527 de
1523 2485 1745 2526 universali

425 2548 696 2589 multitudine
729 2551 924 2591 omnium
958 2553 1296 2605 christianorum,
1336 2570 1386 2596 eo
1419 2558 1535 2610 quod
1568 2570 1651 2596 non
1687 2565 1747 2596 est

479 2645 496 2663 1.
519 2638 549 2665 111
572 2639 662 2666 codd.
684 2648 751 2676 cap.
774 2641 857 2670 XVI.
966 2644 999 2671 In
1021 2644 1113 2673 codd.
1138 2646 1264 2675 iterum:
1288 2647 1419 2682 epistola
1440 2646 1564 2674 XXXII.
1672 2646 1744 2674 Ain

426 2691 541 2718 marg:
564 2685 622 2712 Ubi
644 2691 689 2714 cst
708 2688 850 2716 ecclesia.
976 2698 1019 2717 10.
1042 2691 1106 2720 Bin
1129 2700 1225 2727 marg.
1247 2701 1329 2721 man.
1347 2694 1414 2721 alt.:
1436 2693 1590 2721 Distinicio
1602 2694 1742 2722 ecclesie.

424 2732 448 2757 Λ
471 2730 498 2757 in
521 2740 635 2767 marg:
670 2733 813 2767 Quodam
836 2735 1011 2771 descripcio
1045 2739 1183 2766 ecclesie.
1335 2740 1376 2768 16.
1400 2749 1439 2776 ¹7·
1460 2741 1504 2768 A:
1527 2746 1743 2768 assummcrct.

563 2778 608 2807 23.
635 2781 674 2807 A:
699 2782 865 2815 patrinum.
887 2783 926 2809 B:
949 2789 1089 2818 pultium.
1131 2786 1170 2820 Αι
1193 2786 1339 2813 correxit:
1362 2791 1494 2821 patrum.
1644 2795 1690 2821 24.
1715 2789 1743 2814 A

423 2823 461 2850 15:
492 2826 576 2861 quod
606 2827 703 2854 deest.
733 2829 792 2863 Al:
821 2830 960 2866 sequitur
981 2831 1074 2866 quod.
1220 2832 1266 2859 26.
1296 2833 1329 2860 In
1353 2832 1463 2861 codd:
1486 2834 1625 2870 sequitur
1657 2834 1741 2869 quod

423 2873 533 2900 nullus.
556 2873 592 2900 13:
617 2875 717 2901 nullus
734 2880 888 2910 patruum.
906 2878 961 2912 A,:
983 2878 1102 2905 nullum
1125 2884 1258 2913 patrum.
1375 2887 1421 2914 29.
1444 2880 1465 2907 B
1487 2881 1516 2909 in
1539 2889 1636 2917 marg.
1658 2888 1738 2908 man.

421 2927 497 2946 rec:
523 2920 612 2948 Extra
633 2922 796 2950 ecclesiam
820 2932 879 2951 uon
902 2930 945 2951 est
970 2925 1052 2953 salus
