2045 3312
99 256 177 309 134
834 267 1058 299 JOHANNJS
1087 267 1279 299 WYCLIF.
1529 253 1636 312 [cm
1664 264 1715 293 vx.

381 386 509 427 porea
541 372 733 421 varietur,
777 381 919 412 manet
959 372 1158 413 continue
1198 372 1310 412 idem
1354 372 1502 426 homo,
1546 382 1593 414 ut
1636 373 1856 427 hiC¹47'“Q

382 443 649 497 supponitur.
704 444 844 493 Quare
877 457 975 497 ergo
1009 457 1095 483 non
1134 443 1191 483 sic
1234 445 1284 484 de
1316 443 1489 484 homine
1533 443 1703 484 ecclesie

383 513 502 554 cuius
535 513 670 554 forma
705 523 767 554 est
800 513 994 554 Christus
1026 527 1202 554 manens
1226 514 1268 553 in
1292 511 1510 555 eternum?
1543 515 1742 558 Secum-2

383 585 486 624 dum
521 585 767 638 exemplum
807 585 995 624 naturale
1035 593 1096 625 est
1128 585 1246 638 quod
1285 585 1423 625 anima
1466 585 1704 640 cuicunque

382 654 575 694 membro
624 654 820 708 copulata
866 653 989 694 fuerit
1030 664 1220 694 remanet
1263 664 1350 695 tam
1386 655 1527 695 anima
1574 665 1737 710 quan15

382 724 624 765 membrum
657 725 805 764 eadem
837 738 1018 778 persona
1051 725 1250 767 hominis,
1295 726 1436 776 Quare
1477 740 1575 781 ergo
1617 740 1703 766 non

382 794 439 833 sic
472 794 523 834 de
556 794 724 834 Christo
750 803 789 835 et
811 794 997 848 ecclesia,
1015 795 1070 835 sic
1087 796 1202 849 quod
1219 796 1439 849 quodlibet
1461 798 1704 838 membrum

383 865 470 905 eius
503 865 555 905 sit
588 864 794 917 Christus,
829 874 874 905 ut
897 874 1050 905 sonant
1071 866 1202 905 multe
1226 864 1517 907 auctoritates?
1552 868 1744 909 Terci03

382 935 545 975 videtur
576 935 692 989 quod
725 934 832 975 sicut
865 934 1056 975 Christus
1090 936 1245 976 mansit
1277 938 1424 977 eadem
1457 951 1638 991 persona
1659 939 1701 978 in

382 1019 562 1045 numero
595 1019 672 1059 pro
710 1015 903 1059 tempore
942 1006 1090 1047 mortis
1135 1020 1221 1059 sue,
1261 1016 1349 1047 tam
1392 1008 1433 1047 in
1479 1009 1701 1062 sepulchro
1722 1026 1761 1049 10

382 1084 578 1116 mortuus
611 1089 741 1130 quam
772 1076 816 1115 in
849 1075 1014 1116 inferno
1058 1076 1191 1129 vivus,
1224 1077 1281 1117 ita
1320 1077 1484 1118 videtur
1525 1080 1703 1120 eandem

382 1160 608 1201 personam
650 1146 821 1186 ecclesie
860 1147 1107 1188 disiunctive
1151 1157 1398 1202 regnantem
1443 1149 1485 1188 in
1531 1149 1620 1189 celo
1665 1159 1705 1191 et

384 1217 724 1272 peregrinantem
755 1217 798 1256 in
837 1219 1015 1270 mundo,
1056 1227 1095 1258 et
1135 1218 1190 1258 sic
1237 1218 1429 1259 Christus
1477 1220 1705 1273 assumpsit

380 1288 615 1343 ypostatice
662 1302 889 1342 personam
935 1289 1106 1329 ecclesie
1145 1290 1448 1344 peregrinantis
1495 1290 1537 1330 in
1585 1291 1704 1332 beata

380 1358 550 1413 virgine.
1723 1367 1760 1401 15

116 1445 179 1485 Wq
196 1450 279 1473 must
297 1445 335 1473 be
442 1429 521 1470 Hic
554 1439 723 1484 oportet
754 1431 983 1484 prudenter
1022 1431 1251 1484 intelligere
1284 1432 1490 1472 unitatem
1523 1446 1702 1486 persone

92 1480 512 1555 eiigiiiinti'iiiiifissr‘quanl
558 1501 689 1541 sancti
736 1501 978 1555 exprimunt
1023 1516 1069 1542 ex
1093 1501 1117 1530 ²³<
1140 1502 1359 1556 scriptura,
1405 1511 1452 1542 ut
1494 1512 1609 1557 patet
1652 1504 1702 1544 de
1722 1507 1801 1553 147b

109 1552 343 1623 wiiia*tp¹e⁵rsuo¹¹11¹.ty
383 1580 480 1611 octo
513 1572 734 1625 generibus
768 1572 981 1613 unitatum
1013 1587 1116 1627 quas
1151 1573 1345 1626 exprimit
1388 1574 1533 1614 beatus
1570 1574 1699 1614 Bern-

381 1641 551 1693 hardus,
585 1650 631 1682 ut
662 1642 859 1683 recitatur
897 1643 939 1682 in
979 1643 1174 1697 proximo
1221 1643 1406 1696 capitulo
1445 1643 1485 1682 in
1524 1658 1700 1698 respon-

382 1712 500 1752 sione
533 1713 584 1752 ad
617 1712 795 1752 tercium
827 1723 1140 1767 argumentum.
1176 1714 1228 1754 Et
1260 1724 1361 1754 tunc
1394 1714 1611 1768 loquendo
1650 1716 1701 1755 ad

381 1796 553 1822 sensum
586 1783 813 1823 doctorum
847 1784 1117 1824 concedenda
1139 1784 1303 1824 videtur
1327 1785 1537 1825 sentencia
1561 1785 1698 1825 cuius·
1717 1799 1760 1821 20

381 1852 481 1893 libet
512 1853 668 1893 horum
701 1853 829 1894 trium
867 1863 1229 1907 argumentorum.
1270 1854 1380 1895 Nam
1419 1855 1559 1908 primo
1600 1870 1700 1895 con-

382 1923 470 1964 cedi
503 1932 642 1977 potest
675 1925 790 1978 quod
823 1935 967 1966 manet
1000 1925 1200 1966 continue
1235 1927 1382 1966 eadem
1416 1926 1586 1966 ecclesia
1619 1939 1702 1980 que

383 2003 442 2034 est
474 1994 685 2034 collectim
718 2008 867 2034 omnes
896 1995 1168 2049 predestinati
1203 2005 1243 2036 et
1265 1995 1511 2050 singillatim
1533 1996 1702 2050 singuli,

383 2078 428 2106 ac
461 2064 651 2119 singulus
684 2066 916 2105 eorundem
949 2080 1097 2106 omnes
1131 2066 1236 2106 uniti
1275 2066 1317 2105 in
1353 2066 1520 2107 Christo
1555 2066 1702 2121 capite,

383 2135 453 2174 sed
485 2144 586 2175 tunc
619 2144 787 2188 oportet
818 2136 1046 2189 intelligere
1078 2150 1303 2190 personam
1328 2145 1374 2176 ut
1396 2146 1534 2190 caput,
1569 2137 1702 2178 basim
1719 2140 1758 2173 25

383 2205 518 2246 tocius
551 2205 778 2258 compositi
823 2215 861 2245 et
905 2206 1124 2260 quodlibet
1167 2207 1409 2247 membrum
1441 2221 1568 2248 suum
1600 2221 1700 2247 con-

383 2275 471 2315 fuse
503 2284 723 2329 tamquam
755 2276 1005 2329 absorptum
1037 2276 1077 2315 in
1103 2276 1271 2317 Christo
1305 2277 1612 2330 absconditum,
1646 2278 1702 2317 sic

382 2346 498 2400 quod
530 2346 702 2386 ecclesia
735 2345 888 2386 Christi
922 2347 1032 2387 dicat
1064 2347 1280 2388 Christum
1313 2362 1410 2388 cum
1443 2362 1702 2402 quocunque

383 2415 493 2455 fideli
556 2416 631 2455 sibi
694 2417 1024 2470 incorporatum.
1089 2418 1129 2458 Si
1199 2419 1311 2458 enim
1380 2433 1488 2472 papa
1552 2419 1702 2460 dicitur

383 2487 553 2527 ecclesia
596 2497 768 2542 propter
806 2488 999 2529 virtutem
1042 2503 1171 2543 quam
1210 2489 1346 2530 influit
1385 2489 1424 2529 in
1467 2490 1696 2543 ecclesiam,
1714 2491 1757 2524 30

436 2679 469 2698 ιι.
504 2671 562 2699 Hic
593 2671 722 2698 verbum
755 2671 909 2699 omissum
949 2679 1016 2698 csse
1037 2672 1167 2699 videtur.
1330 2673 1368 2700 16.
1391 2672 1470 2700 Ain
1491 2681 1605 2708 marg.:
1642 2672 1700 2701 Re-

382 2719 522 2753 sponsio.
543 2717 623 2745 Nota
644 2718 805 2753 quomodo
827 2718 931 2746 omnia
953 2719 1092 2746 membra
1116 2718 1230 2747 Christi
1252 2724 1323 2747 sunt
1344 2718 1487 2747 Christus
1506 2727 1576 2747 cum
1596 2727 1701 2747 corre-

383 2765 596 2801 spondenciis.
616 2766 737 2799 (Above
758 2772 826 2802 ¹47⁸
854 2765 981 2794 without
1001 2767 1086 2794 mark
1114 2766 1149 2793 of
1173 2766 1352 2800 reference.)

447 2906 497 2939 18.
524 2907 576 2940 Cf.
603 2907 713 2940 above
740 2919 816 2951 pag.
849 2919 922 2952 ¹09·
