2045 3312
305 272 396 301 CAp.
418 261 504 320 xv]
813 276 873 308 DE
901 274 1135 308 ECCLESIA.
1836 265 1914 318 349

149 391 284 436 121770
361 382 428 420 Ad
460 381 562 421 illud
597 395 693 434 sepe
727 381 808 420 dixi
842 381 958 434 quod
991 380 1144 420 falsum
1177 381 1424 433 assumitur3
1454 391 1622 435 oportet
1638 390 1917 460 TheAsssstggtion

303 451 414 490 enim
467 460 697 506 utrumque
749 451 967 492 brachium
1020 451 1208 504 corporis
1262 451 1432 491 ecclesie
1483 452 1624 491 iuvare
1673 460 1882 529 {jsarfssislsggfflie

301 521 526 575 reliquum,
574 535 650 561 nec
694 530 755 561 est
799 521 841 560 in
884 521 964 561 isto
1011 520 1219 572 confusio,
1266 522 1337 561 sed
1389 522 1625 562 secundum
1670 530 1881 592 Churcploffe

300 591 561 645 Apostolum
605 592 642 631 Ia
677 591 775 633 Cor.
808 592 904 631 XIIO
938 591 1151 631 caritativa
1183 592 1401 632 connexio.
1442 592 1624 633 Ulterius
1665 570 1771 594 mutua
1818 574 1892 601 κῃ

268 674 284 706 5
302 675 398 714 sepe
420 661 581 702 dictum
605 670 665 701 est
688 662 817 715 quod,
850 662 957 702 sicut
989 662 1122 701 clerus
1154 671 1267 702 stans
1296 662 1338 701 in
1367 677 1446 702 suo
1479 663 1624 703 ordine

301 740 362 771 est
393 732 565 771 seculari
598 732 801 785 superior,
835 732 892 772 sic
925 732 1226 772 nominetenus
1249 733 1421 772 clericus
1445 733 1622 786 degene-

299 815 394 841 rans
428 811 488 842 est
518 802 625 842 inter
656 816 805 842 omnes
834 802 1012 842 viatores
1035 803 1252 843 abieccior.
1286 804 1407 843 Unde
1441 801 1505 857 (ut
1528 817 1624 856 sepe

300 870 401 928 dixi)
450 872 572 912 nobis
617 872 823 913 stantibus
862 873 903 912 in
937 882 1082 913 nostro
1115 873 1261 913 ordine
1294 887 1380 913 non
1421 874 1624 913 debemus

300 943 676 996 contemptibiliter
715 957 803 983 esse
843 943 1017 983 subiecti
1052 943 1326 997 principibus,
1362 944 1473 983 unde
1506 944 1623 997 glosa

246 1036 284 1058 ,0
300 1013 510 1053 ordinaria
549 1027 675 1067 super
714 1014 868 1055 XCVIa
917 1014 1011 1056 dist.
1051 1014 1203 1054 dicitur
1241 1015 1357 1067 quod
1397 1014 1623 1068 episcopus

299 1093 359 1124 est
404 1098 530 1138 super
574 1084 888 1138 imperatorem,
934 1099 1019 1125 non
1067 1095 1208 1125 tamen
1254 1085 1285 1125 si
1339 1085 1434 1125 facit
1478 1094 1623 1124 contra

298 1154 558 1207 religionem,
606 1170 703 1195 nam
751 1156 790 1195 in
838 1156 910 1195 illo
964 1170 1059 1196 casu
1110 1166 1252 1209 posset
1297 1171 1320 1195 a
1365 1169 1621 1209 quocunque

297 1225 500 1277 redargui,
546 1235 591 1265 ut
637 1235 751 1278 patet
790 1227 883 1265 XLss
917 1227 1024 1275 dist„
1071 1227 1116 1265 Si
1140 1239 1274 1279 papa,
1317 1227 1376 1265 vel
1424 1226 1556 1265 eciam
1590 1226 1619 1264 si

297 1295 444 1333 scisma
480 1295 642 1348 faceret,
675 1297 844 1347 XXHH,
879 1311 917 1349 q.
943 1297 992 1347 V,
1027 1297 1093 1335 De
1127 1297 1373 1349 Liguribus.
1403 1297 1453 1335 Et
1483 1297 1621 1348 plures

245 1375 397 1410 15sunt
449 1380 566 1405 casus
611 1366 652 1404 in
698 1366 850 1419 quibus
905 1367 1010 1419 layci
1072 1367 1227 1406 habent
1283 1367 1621 1405 iurisdiccionem

298 1449 422 1488 super
450 1436 621 1475 clericos
655 1446 698 1476 ut
732 1436 835 1487 dixi3
870 1437 1005 1489 inquit
1028 1438 1176 1489 XXIII,
1212 1452 1249 1490 q.
1284 1439 1353 1489 V³,
1388 1437 1619 1489 Principes.

356 1507 476 1546 Unde
515 1507 644 1546 miror
687 1508 908 1560 quomodo
948 1507 1119 1559 quidam
1152 1507 1392 1547 innituntur
1424 1508 1618 1561 exemplo
1685 1513 1730 1539 As
1750 1518 1781 1540 10
1802 1513 1852 1540 the

1652 1553 1771 1583 pattern
1793 1548 1827 1575 of
1844 1549 1892 1575 the

297 1577 346 1615 de
380 1577 515 1616 celesti
557 1577 768 1630 ierarchia,
803 1579 993 1630 putando
1026 1579 1143 1630 quod
1177 1578 1310 1617 clerici
1346 1592 1431 1617 non
1466 1579 1618 1617 debent
1632 1583 1771 1654 cssiieys'ffi‘ii
1796 1584 1913 1645 1j15iegzl1r-

298 1647 445 1699 corrigi
479 1661 501 1685 a
534 1647 673 1700 laycis,
710 1661 806 1686 nam
841 1648 1023 1687 stabilito
1057 1648 1203 1687 ordine
1236 1648 1454 1687 militantis
1492 1648 1914 1715 ierar—&lineam{gsgsslaekrssnrl>

241 1739 282 1759 20
299 1717 401 1769 chie,
436 1717 541 1757 sicut
575 1727 635 1756 est
673 1718 712 1756 in
754 1718 950 1758 ierarchia
983 1718 1135 1770 celesti,
1170 1720 1414 1771 procederet
1453 1719 1563 1758 racio
1597 1733 1619 1756 a
1670 1710 1902 1750 ai-exvic1<ed.‘'

297 1788 572 1827 similitudine
619 1789 734 1840 quod
781 1788 914 1827 clerici
962 1803 1047 1828 non
1095 1788 1231 1828 forent
1278 1790 1450 1829 subiecti
1492 1790 1619 1834 laicis,

296 1859 367 1896 sed
400 1857 433 1896 si
466 1857 605 1897 deficit
638 1858 695 1897 eis
730 1858 856 1897 virtus
891 1858 1156 1897 illuminandi
1192 1868 1232 1898 et
1264 1860 1539 1912 expurgandi,
1563 1860 1619 1898 sic

297 1928 412 1981 quod
447 1928 528 1967 sint
561 1928 740 1967 ceciores
775 1938 813 1967 et
848 1927 1156 1967 criminosiores
1193 1943 1322 1982 quam
1355 1930 1474 1983 layci,
1511 1944 1617 1982 quo-

296 1999 428 2037 modo
473 2008 597 2037 staret
639 1998 679 2037 in
727 1998 805 2037 illis
838 2000 1178 2052 perturbantibus
1227 2000 1418 2039 ordinem
1451 2000 1620 2039 ecclesie

240 2079 279 2111 25
299 2069 541 2121 exemplum
587 2068 783 2108 ierarchice
830 2066 1011 2108 celestis?
1046 2070 1144 2109 Ideo
1178 2069 1217 2107 in
1252 2069 1413 2109 defectu
1449 2070 1619 2110 illorum

295 2148 375 2178 stat
420 2139 536 2192 quod
590 2139 838 2191 pervertitur
894 2141 998 2179 ordo
1055 2140 1343 2179 ecclesiasticie
1402 2140 1619 2187 ierarchie3

295 2209 399 2248 ordo
442 2209 536 2248 dico
582 2223 668 2248 non
715 2209 959 2262 simpliciter
1002 2211 1072 2249 sed
1117 2210 1221 2249 ordo
1266 2210 1507 2250 individuus¹
1547 2211 1619 2263 qui

296 2279 401 2319 foret
445 2279 486 2318 in
521 2279 614 2319 illis.
661 2281 758 2319 Non
793 2280 907 2319 enim
940 2289 999 2319 est
1045 2280 1103 2319 fas
1146 2280 1255 2319 fideli
1302 2282 1464 2321 credere
1504 2283 1619 2335 quod

297 2350 418 2389 datus
457 2351 589 2390 clerus
630 2350 807 2389 servabit
847 2350 1037 2389 ordinem
1079 2351 1339 2404 superiorem
1372 2352 1413 2390 in
1448 2352 1619 2391 ecclesia

240 2430 282 2462 30
299 2429 677 2475 quantumcunque
710 2420 956 2473 peccaverit,
990 2434 1089 2460 cum
1122 2421 1282 2473 primus
1316 2422 1488 2475 angelus
1522 2436 1617 2461 cum

298 2491 383 2530 suis
416 2490 695 2543 complicibus
719 2500 890 2543 propter
911 2491 1167 2543 apostasiam
1191 2492 1241 2530 ab
1265 2492 1412 2530 ordine
1435 2492 1618 2531 deiectus

350 2623 369 2642 1.
394 2617 422 2643 A
444 2616 474 2643 in
495 2623 610 2650 marg:
630 2615 818 2651 Responsio.
963 2615 986 2642 5.
1010 2615 1048 2642 B:
1071 2616 1201 2644 ordinis.
1346 2625 1379 2644 11.
1402 2618 1429 2644 Α
1452 2618 1480 2644 in
1503 2626 1617 2652 marg:

298 2661 408 2689 Clesus
430 2667 532 2697 potest
553 2663 665 2697 corrigi
688 2671 741 2697 per
762 2663 884 2689 laicum⁴
927 2662 946 2689 Is}
969 2664 997 2689 in
1021 2671 1133 2696 marg:
1157 2664 1248 2698 Quod
1272 2664 1380 2699 prelati
1403 2664 1618 2700 delinquentes

297 2715 312 2733 a
334 2708 459 2743 regibus
479 2706 550 2736 sunt
571 2708 757 2742 corrigendi,
781 2714 810 2736 ut
832 2714 875 2735 est
897 2709 1037 2743 dignum.
1148 2719 1189 2745 ¹9-
1211 2711 1236 2737 A
1259 2712 1315 2745 A,:
1339 2719 1408 2738 nam
1424 2727 1451 2729 Ἀ
1469 2711 1618 2738 ierarchic

297 2754 392 2782 deest.

361 2861 411 2882 10.
438 2851 517 2882 Vid.
534 2852 687 2893 glossam
711 2852 752 2884 ad
774 2863 845 2894 cap.
862 2853 900 2893 X,
924 2851 1002 2883 dist.
1017 2853 1136 2885 XCVI.
1156 2853 1237 2885 Duo
1255 2858 1346 2886 suns.
1458 2853 1506 2884 13.
1535 2854 1617 2896 Cap.

296 2909 414 2941 XLIII.
563 2912 612 2943 15.
639 2912 723 2953 Cap.
750 2911 820 2942 XX.
