2045 3312
248 240 339 269 CAP.
357 229 426 289 111.]
760 243 819 274 DE
847 242 1082 275 ECCLESIA.
1810 234 1859 275 53

88 363 120 396 Ε
152 363 226 396 135⁶
241 351 434 390 amittere
473 362 542 388 res
578 362 673 388 cum
715 348 870 388 mundo
908 355 1184 388 transeuntes
1219 352 1344 402 quasi
1375 350 1570 391 districto

239 420 368 460 iudici
395 419 588 472 posituri
630 420 848 459 racionem
888 420 1057 469 timent;
1100 433 1151 459 ac
1183 421 1219 459 si
1245 420 1471 473 placatum
1506 423 1570 462 in-

237 490 423 539 veniant,
455 489 525 528 cui
556 488 818 528 desideratis
851 489 993 537 rebus,
1027 489 1074 528 id
1105 495 1180 537 est,
1229 492 1569 532 racionabilibus

234 559 417 612 perditis
439 559 706 598 insensibilia
730 566 769 598 et
791 572 875 598 non
899 560 1066 612 quesita
1090 567 1354 600 conservent.
1392 561 1569 601 Certum

205 643 222 676 5
239 639 300 670 est
322 630 438 683 quod
469 643 568 671 non.
603 629 846 681 Possideie,
870 629 1021 683 inquit,
1045 631 1085 668 in
1118 630 1197 670 lzoc
1221 631 1381 670 mundo
1405 632 1571 684 aliquid

240 699 436 739 volumus
481 706 519 738 et
560 712 655 739 ecce
699 700 859 738 veritas
906 699 1087 739 clamat:
1136 697 1236 739 Nisi
1272 702 1369 753 quis
1407 714 1567 740 renun-

238 770 414 809 ciaverit
446 769 644 809 omnibus
676 782 756 821 que
780 769 989 821 possidet,
1036 783 1121 808 non
1148 776 1291 822 potest
1323 784 1443 810 meus
1476 784 1569 811 esse

239 839 492 892 discipulus.
528 839 753 893 Peifectus
786 852 894 893 ergo
929 840 1194 879 christianus
1217 841 1428 893 quomodo
1451 841 1573 881 debet

238 923 310 950 res
347 917 545 950 terrenas
576 909 797 963 iurgando
831 909 1066 963 defendere
1098 923 1208 962 quas
1223 912 1471 963 precipitur
1489 925 1571 951 non

186 980 492 1033 10possidere?
537 980 688 1032 Itaque
733 993 830 1019 cum
879 993 950 1020 res
982 981 1195 1033 proprias
1243 981 1492 1030 amittimus,
1537 983 1575 1021 si

230 1051 425 1105 perfecte
448 1051 589 1090 Deum
613 1052 848 1105 sequimur,
873 1051 913 1089 in
938 1051 1067 1090 liuius
1090 1051 1171 1090 vite
1193 1052 1342 1091 itinere
1366 1065 1391 1090 a
1416 1065 1572 1105 magno

239 1135 367 1162 onere
405 1122 664 1174 levigamur.
713 1122 811 1161 Non
856 1134 953 1174 ergo
997 1122 1214 1172 debemus,
1259 1122 1447 1174 periculo
1494 1136 1572 1163 nos

238 1192 504 1244 exponendo,
542 1190 841 1243 perfecciorem
873 1199 1032 1231 statum
1063 1191 1299 1244 relinquere
1340 1202 1379 1232 et
1412 1202 1571 1233 statum

239 1263 332 1315 plus
377 1261 675 1314 periculosum,
718 1261 813 1313 plus
846 1275 870 1300 a
903 1260 1073 1300 Christo
1119 1262 1366 1314 elongatum
1405 1272 1445 1302 et
1476 1263 1571 1316 plus

186 1344 223 1375 15
240 1331 495 1373 tardativum
529 1331 692 1384 eligere.

143 1414 174 1446 F
200 1414 225 1446 3
298 1404 383 1442 Nec
426 1403 537 1442 valet
580 1401 706 1441 tercia
749 1401 971 1454 responsio
1018 1402 1210 1455 ypocrite
1255 1417 1338 1456 qua
1383 1403 1482 1443 dicit
1526 1418 1569 1443 se
1585 1419 1610 1438 c.
1642 1411 1689 1438 He
1723 1412 1864 1439 declares

239 1482 411 1526 propter
443 1486 634 1512 amorem
656 1471 809 1512 iniuste
833 1472 1080 1525 occupantis
1104 1474 1371 1526 contendere,
1405 1487 1457 1513 ne
1480 1473 1568 1526 ipse
1582 1447 1798 1516 iiigtglcigdacg}
1814 1450 1865 1509 {12³5

238 1552 380 1596 peccet
422 1542 577 1583 iniusta
616 1542 879 1593 detencione,
922 1544 995 1582 sed
1027 1552 1074 1582 ut
1105 1543 1195 1595 ipse
1230 1544 1380 1583 habeat
1412 1544 1566 1583 instru-
1612 1525 1722 1552 Ἠοῦς
1745 1517 1836 1545 doen

238 1623 381 1653 menta
420 1614 626 1653 virtutum
669 1612 822 1666 quibus
866 1613 1002 1665 possit
1036 1614 1087 1652 ad
1122 1613 1333 1652 honorem
1364 1614 1442 1653 Dei
1475 1615 1569 1667 plus

181 1705 223 1726 20
239 1684 357 1724 matri
393 1697 466 1724 sue
498 1682 714 1736 proficere.
750 1682 872 1723 Unde
902 1697 979 1736 pro
1002 1683 1137 1736 prima
1160 1693 1278 1736 parte
1301 1683 1401 1724 dicit
1424 1685 1570 1724 beatus

240 1754 467 1807 Gregorius
504 1752 595 1810 (ubi
628 1752 793 1808 supra):
840 1753 1029 1803 Quidam
1065 1766 1161 1793 cum
1196 1761 1346 1794 nostra
1379 1755 1569 1806 rapiunt,

239 1825 508 1864 solummodo
541 1824 758 1864 tolerandi
779 1831 902 1873 sunt,·
935 1824 1109 1877 quidam
1134 1837 1235 1863 vero
1260 1832 1433 1864 servata
1458 1827 1570 1864 cari-

239 1902 323 1935 tate
349 1894 635 1948 prolzibendi‚·
667 1907 750 1934 non
783 1901 924 1933 tamen
959 1894 1052 1934 sola
1086 1907 1194 1933 cura
1228 1907 1279 1933 ne
1302 1902 1450 1934 nostra
1473 1896 1570 1935 sub-

240 1966 429 2016 trahant,
462 1965 539 2004 sed
571 1977 623 2003 ne
652 1965 870 2016 rapientes
894 1977 977 2003 non
1001 1977 1081 2003 sua
1103 1966 1353 2017 semetipsos
1366 1965 1571 2017 perdant.

185 2044 224 2076 25
242 2036 321 2075 Iste
354 2034 475 2074 fucus
508 2043 570 2075 est
601 2035 735 2088 magis
771 2034 967 2087 palliatus
991 2048 1119 2087 quam
1145 2034 1286 2074 ceteri:
1322 2049 1420 2074 nam
1445 2033 1662 2090 (sicutTffiS
1685 2056 1709 2082 js
1730 2065 1746 2083 a
1768 2057 1866 2084 better

239 2106 339 2145 alias
372 2104 554 2158 ostendi)
588 2104 684 2144 licet
715 2104 983 2144 inferioribus
1015 2104 1186 2144 ecclesie
1218 2118 1295 2157 pro
1329 2105 1451 2145 bonis
1484 2104 1566 2145 for·
1585 2092 1863 2162 ²⁸32320²s³ss¹ss5i11y³³

240 2185 340 2216 tune
379 2176 646 2227 contendere,
687 2184 847 2215 servata
886 2175 1055 2215 caritate
1095 2176 1311 2229 utrimque
1350 2185 1389 2215 et
1428 2185 1570 2216 sancta
1621 2166 1745 2189 “earm
1767 2163 1835 2189 evil.

239 2246 480 2285 intencione
514 2259 611 2285 cum
644 2245 780 2285 forma
806 2246 1063 2298 procedendi
1086 2246 1288 2299 legitima.
1323 2247 1421 2285 Ideo
1447 2247 1570 2286 debet

241 2316 372 2355 horno
406 2316 515 2355 illius
548 2316 838 2369 responsionis
884 2330 1042 2368 cavere,
1088 2330 1140 2356 ne
1185 2316 1478 2370 propinquitas
1519 2317 1569 2355 ad

187 2396 227 2428 30
241 2386 487 2438 voraginem
520 2386 692 2438 periculi
725 2395 919 2438 preparet
951 2387 1003 2424 ad
1035 2385 1214 2426 ruinam.
1250 2387 1360 2425 Nam
1392 2396 1438 2426 ut
1471 2386 1571 2426 dicit

242 2456 387 2495 beatus
419 2455 646 2509 Gregorius
679 2455 856 2495 ibidem:
891 2455 993 2495 Plus
1026 2456 1128 2507 ipsis
1162 2457 1412 2508 raptoribus
1445 2457 1568 2496 debe-
1619 2463 1663 2492 St.
1685 2463 1827 2500 Gregory

242 2539 336 2565 mus
358 2533 546 2565 metuere
568 2538 696 2578 quam
720 2525 889 2565 inlziare
911 2526 1016 2578 ipsis
1036 2526 1163 2566 rebus
1187 2527 1569 2567 irracionabilz'bus
1662 2499 1786 2527 mem*

299 2658 324 2677 2.
347 2649 371 2677 3.
392 2650 426 2677 In
447 2650 554 2678 codd:
578 2650 745 2678 invenient.
803 2658 843 2678 21.
864 2650 926 2678 AB
942 2652 972 2679 in
993 2660 1108 2687 marga
1132 2652 1316 2688 Gregorius.
1391 2651 1434 2680 25.
1456 2651 1517 2679 AB
1539 2651 1569 2678 in

242 2706 355 2733 marga
383 2698 566 2726 Conclusio.
588 2697 609 2723 Β
630 2697 660 2725 in
682 2705 796 2733 marg.:
818 2697 904 2725 Licet
923 2698 1123 2726 inferioribus
1150 2700 1280 2727 ecclesie
1305 2699 1492 2727 contendere
1513 2706 1570 2733 pro

243 2744 331 2772 bonis
352 2744 490 2772 ecclesie.
565 2751 609 2778 27.
632 2744 669 2770 B:
692 2748 868 2780 utrumque.
946 2745 985 2773 31.
1007 2746 1036 2773 A
1055 2746 1085 2774 in
1107 2755 1220 2782 marg:
1243 2746 1359 2780 Raptor
1379 2751 1425 2774 est
1445 2755 1461 2772 a
1482 2745 1571 2772 nobis

244 2790 313 2826 plus
334 2792 485 2819 amandus
506 2800 600 2827 quam
621 2800 670 2819 res
690 2796 811 2827 arrepta
832 2801 887 2829 per
907 2798 1075 2829 raptorem.

301 2885 333 2918 ὁ.
361 2887 446 2918 Luc.
471 2888 562 2927 XIV,
595 2887 647 2920 33.
