2045 3312
150 262 235 313 430
883 269 1107 302 JOHANNIS
1134 269 1330 302 wvcrff.
1532 255 1638 313 [CAP.
1653 265 1764 294 xviii.

439 376 579 415 solum
629 375 700 414 ille
745 382 807 414 est
843 375 1041 427 proditor
1084 374 1270 414 veritatis
1324 374 1396 427 qui
1440 374 1916 427 t1·ansgrediens=88·M

439 446 656 484 veritatenz
674 446 824 497 palanz
843 459 925 497 pro
950 445 1124 484 veritate
1147 445 1335 497 quuitur
1370 444 1650 489 mendacium,
1685 444 1760 483 sed

441 515 572 554 ecianz
606 515 677 554 ille
709 515 780 568 qui
815 529 896 553 non
933 515 1061 554 libere
1086 515 1350 567 pronunciat
1382 514 1597 553 veritatem
1631 527 1762 566 quant

443 585 571 624 libere
588 585 887 638 pronunciare
910 591 1073 637 oportet
1095 591 1171 623 aut
1192 585 1264 637 qui
1287 597 1368 622 non
1396 584 1524 623 libere
1546 584 1763 622 veritatem

441 655 629 708 defendit
659 668 786 708 quam
823 655 952 694 libere
984 654 1212 707 defendere
1244 654 1448 701 convenit,
1474 653 1673 706 proditor
1705 659 1798 696 est5

442 726 642 765 veritatis.
712 725 787 764 fain
822 725 931 764 sicut
952 724 1153 764 sacerdos
1178 724 1339 763 debitor
1371 730 1444 769 est,
1479 730 1524 762 ztt
1546 724 1761 762 veritatem

442 809 569 849 quani
618 795 778 834 audivit
809 809 833 833 a
868 794 960 834 Deo
987 794 1190 848 predicet,
1234 794 1294 833 sic
1329 794 1462 833 laicus
1496 793 1657 832 debitor
1689 800 1763 841 est,

445 872 489 904 ut
520 865 737 905 veritatem
777 878 904 917 quani
945 864 1104 903 audivit
1146 878 1171 903 a
1215 863 1506 903 sacerdotibus
1533 863 1762 916 probatam

443 935 607 988 quidem
649 935 689 974 in
728 935 954 987 scripturis
979 935 1247 988 fiducialiter
1291 934 1502 987 defendat.
1560 933 1684 981 Quod
1728 933 1765 973 si

444 1019 526 1045 non
557 1004 732 1058 fecerit,
765 1004 958 1057 prodidit
989 1005 1220 1044 veritatem.
1277 1005 1335 1043 Ex
1381 1003 1467 1043 istis
1507 1003 1626 1042 dictis
1666 1016 1822 1044 cumio

444 1076 672 1128 explanatis
721 1076 817 1115 alibi
862 1086 901 1116 et
940 1085 1050 1115 statu
1107 1075 1276 1115 ecclesie
1321 1084 1434 1127 patet
1478 1075 1595 1128 quod
1640 1073 1794 1115 nimisl

445 1147 565 1186 multi
611 1156 709 1186 sunt
753 1146 894 1186 vicarii
940 1145 1181 1197 Scariothis,
1236 1159 1323 1185 non
1375 1146 1517 1184 solum
1566 1144 1637 1198 qui
1685 1157 1762 1196 pro

445 1217 616 1256 ecclesia
648 1217 713 1256 vel
752 1216 863 1256 fama
903 1216 1170 1270 impugnant,
1216 1215 1492 1268 sophisticant
1528 1214 1594 1253 vel
1627 1222 1765 1254 tacent

445 1287 729 1339 evangelicam
750 1287 981 1338 veritatem,
1006 1300 1080 1326 nec
1105 1287 1246 1326 solum
1268 1285 1340 1339 qui
1357 1294 1573 1338 portantes
1595 1283 1760 1324 loculos

445 1355 595 1396 furtive
642 1366 689 1396 ut
728 1357 917 1397 Scarioth
967 1356 1120 1410 ineque
1166 1356 1409 1409 parciuntur
1454 1355 1804 1408 patrimonium2

445 1426 641 1466 Crucifixi
691 1440 787 1466 cum
834 1426 1025 1465 fratribus
1071 1427 1183 1465 bona
1237 1440 1474 1479 pauperum
1507 1424 1764 1465 dominative

445 1496 487 1535 in
532 1497 746 1550 uxoribus,
791 1497 834 1536 in
881 1496 990 1548 filiis,
1030 1497 1070 1536 in
1105 1511 1263 1550 pompa
1296 1496 1425 1536 seculi
1459 1495 1764 1545 consumendo,

446 1567 518 1605 sed
551 1567 678 1606 tercio
713 1567 783 1621 qni
819 1576 990 1620 propter
1034 1567 1236 1606 desidiam
1278 1575 1351 1606 aut
1388 1566 1585 1606 timorem
1619 1565 1806 1606 mortisss

447 1651 523 1690 pro
559 1637 654 1677 loco
688 1647 726 1677 et
759 1647 950 1690 tempore
984 1637 1181 1690 congruis
1215 1637 1530 1676 obmutescunt.

170 1728 227 1756 We
250 1728 347 1761 ought
367 1731 419 1754 not
504 1707 591 1746 Nec
635 1707 745 1747 valet
788 1707 908 1747 ficcio
966 1721 1048 1760 qua
1096 1707 1275 1746 dicimus
1321 1706 1515 1745 inimicos
1562 1704 1817 1757 evangeliiN

156 1763 432 1826 Ῐῖρξξὲξιζᾞεέἓῖ
448 1786 712 1830 exasperatos
760 1791 846 1816 esse
880 1791 927 1816 ex
972 1776 1153 1816 veritatis
1200 1776 1401 1829 preconio
1441 1776 1574 1829 magis
1608 1789 1767 1828 segnes,

181 1835 232 1865 ing
252 1834 302 1861 the
335 1841 408 1860 ene·
512 1847 518 1853 ·
580 1847 587 1854 ·
639 1862 645 1867 ,
1314 1846 1320 1852 .
1580 1845 1585 1851 .
1664 1845 1671 1851 .
1696 1845 1702 1850 .

192 1869 269 1896 mie,
291 1868 391 1896 ofme
448 1861 546 1901 quia
579 1857 692 1887 nuta
727 1848 838 1886 bunc
872 1847 1018 1886 fucum
1047 1856 1172 1899 caput
1201 1857 1422 1886 martlrum
1454 1855 1493 1885 et
1525 1860 1587 1884 sni
1618 1845 1769 1884 mllites

233 1905 354 1939 g⁰⁵pe''
449 1931 669 1971 nunquam
696 1917 752 1957 sic
776 1931 852 1970 pro
877 1917 1167 1970 publicacione
1197 1916 1379 1956 veritatis
1413 1930 1546 1969 usque
1579 1916 1630 1954 ad
1659 1928 1770 1953 mor-

449 1997 529 2027 tem
558 1987 767 2027 meritorie
789 1986 812 2009 ⁴*
834 1988 1102 2027 decertarent.
1127 1987 1206 2026 Sed
1231 1987 1326 2026 audi
1345 1985 1632 2039 Augustinum
1647 1997 1772 2037 super
1791 1991 1868 2026 1881'

447 2057 647 2097 johannis
689 2057 855 2097 Omelia
895 2058 1048 2097 XXVII
1087 2066 1370 2109 exponentem
1414 2055 1517 2094 illud
1570 2055 1770 2094 Johannis
1787 2064 1827 2096 25

448 2127 538 2177 V[0‚
563 2138 610 2181 7:
635 2128 706 2166 Ex
729 2129 804 2167 hoc
827 2129 949 2167 multi
972 2128 1278 2180 discipulorum
1305 2127 1392 2166 eius
1416 2126 1613 2165 abierunt
1641 2132 1769 2173 retro,

448 2197 676 2237 dicentem:
725 2198 820 2237 Hoc
858 2197 1033 2251 factum
1083 2197 1138 2236 ad
1190 2203 1378 2235 nostram
1434 2196 1768 2235 consolacionenz

449 2268 648 2320 quoniam
694 2268 924 2321 aliquando
965 2268 1171 2320 contingit
1204 2273 1247 2306 ut
1280 2266 1390 2305 dicat
1421 2266 1515 2319 quis
1547 2279 1692 2304 verum
1734 2271 1771 2304 et

449 2337 561 2390 quod
611 2338 707 2376 dicit
759 2351 839 2376 non
892 2338 1102 2390 capiatur,
1147 2336 1222 2376 sed
1267 2335 1379 2388 quod
1423 2335 1771 2388 scandali-{entur

449 2408 521 2460 qui
552 2407 733 2446 audiunt
765 2415 802 2446 et
824 2407 1052 2446 discedant.
1090 2407 1247 2446 Pcnitet
1269 2406 1378 2445 enini
1403 2405 1610 2444 hominem
1636 2418 1769 2457 quan-
1787 2415 1829 2447 30

450 2476 584 2530 doque
606 2477 766 2516 dixisse
783 2477 895 2529 quod
916 2490 1061 2516 verunt
1086 2484 1169 2524 est,·
1190 2476 1288 2515 dicit
1310 2476 1419 2515 enini
1443 2481 1547 2527 aput
1561 2475 1747 2527 seipsum
1758 2489 1771 2513 .-

503 2637 530 2665 8.
553 2636 591 2663 13:
615 2636 775 2672 probatam
798 2637 882 2672 qnid.
1028 2645 1068 2672 ¹7·
1089 2636 1127 2663 B:
1152 2644 1265 2671 pompa
1286 2635 1390 2663 simili.
1516 2642 1564 2662 20.
1587 2635 1630 2661 A:
1652 2633 1770 2666 dicius;

452 2685 481 2711 in
506 2692 605 2718 marg.
627 2688 821 2711 correctum:
843 2683 988 2710 dicimus.
1012 2682 1069 2710 Hic
1092 2683 1220 2710 verbnm
1241 2682 1394 2710 excidisse
1408 2681 1540 2710 videtur.
1639 2679 1679 2707 25.
1698 2681 1725 2707 A
1742 2681 1772 2706 in

452 2738 569 2764 marg.:
591 2730 669 2757 Nota
690 2730 903 2764 Augustinum
927 2731 1014 2757 bene.
1158 2729 1200 2757 25.
1222 2727 1342 2756 Codd.:
1364 2735 1534 2764 exponens.

512 2838 564 2870 25.
593 2838 680 2879 Aug.
709 2837 742 2868 in
760 2836 837 2868 Joh.
858 2837 989 2879 Evang.
1017 2843 1114 2868 tract.
1140 2836 1273 2867 XXVII.
1303 2835 1392 2878 Opp.
1423 2842 1506 2866 tom.
1535 2834 1589 2875 111,
1617 2844 1706 2877 ρετ-ς.
1734 2833 1772 2871 ΙΙ,

453 2906 530 2939 pag.
560 2906 636 2929 303.
