2045 3312
281 251 369 280 CAP.
391 239 444 299 x]
774 255 834 286 DE
862 254 1100 286 ECCLEfflA.

128 370 265 405 H158c
281 361 448 400 cionem
493 359 829 400 conversacionis
869 360 962 398 cleri
1004 360 1135 399 nostri
1177 360 1308 399 eciam
1340 360 1537 413 religiosi,
1571 361 1604 400 si

280 431 331 471 sit
364 429 698 484 proporcionalis
732 430 1111 482 correspondencia
1144 430 1383 483 utrobique.

248 512 267 544 Ι
340 501 502 541 Dicitur
533 500 645 540 enim
680 500 795 553 quod
828 500 961 539 clerus
995 500 1127 539 eciam
1172 508 1345 540 vocatus
1384 500 1603 553 religiosus
1620 510 1760 537 Evcnthe
1774 510 1896 545 regular

1619 545 1721 580 clergy
1751 545 1896 572 disherlts

282 571 502 611 exheredat
525 570 683 610 multos
708 570 758 609 de
791 569 984 609 fratribus
1009 570 1141 609 eciam
1174 584 1250 622 pro
1282 583 1358 609 suo
1384 580 1603 623 perpetuo,
1631 588 1723 615 many
1750 588 1821 607 meu
1849 580 1878 606 in

249 650 477 684 §vocantes
514 640 595 679 hoc
632 639 914 693 perquisitum
948 639 1102 680 Christi
1142 639 1466 693 patrimonium,
1507 654 1605 680 cum

280 721 421 751 tamen
446 710 637 751 Christus
670 710 849 750 omnino
873 710 1198 764 exproprietarie
1221 710 1431 763 pendebat
1464 711 1604 750 nudus

282 782 323 820 in
364 795 502 833 cruce,
547 780 676 820 scisso
714 781 808 820 velo
843 781 1004 834 templi,
1050 781 1101 820 ad
1141 781 1435 820 denotandum
1465 781 1606 821 Judeis

282 861 321 892 et
352 851 548 905 gentibus
591 851 708 905 quod
748 850 974 905 spiritualis
1013 851 1221 891 hereditas
1261 860 1323 890 est
1361 850 1607 904 simpliciter

281 922 518 976 appetenda
550 930 589 961 et
618 930 781 961 terrena
811 921 1022 975 possessio
1057 922 1400 974 contempnenda
1440 919 1504 975 (Ut
1537 935 1604 960 ex-

225 992 470 1046 mpositum
502 1000 564 1031 est
594 1023 602 1031 .
628 1024 637 1033 .
662 1023 670 1031 .
706 1005 796 1045 cap.
819 991 912 1030 libri
945 990 1079 1046 sexti).

342 1064 466 1103 Tunc
499 1061 613 1102 enim
646 1075 832 1102 essemus
864 1061 992 1101 altilia
1024 1063 1074 1101 de
1106 1075 1214 1115 puro
1240 1061 1465 1114 frumento,
1488 1072 1607 1116 pasta

289 1134 342 1174 ad
374 1132 663 1185 exemplariter
694 1131 968 1171 nutriendum
1013 1131 1134 1183 filios,
1180 1141 1226 1172 ut
1258 1131 1445 1172 fecerunt
1477 1133 1608 1173 sancti

289 1214 440 1258 patres,
497 1203 586 1242 vice
639 1216 824 1256 quorum
870 1202 1087 1256 fungimur
1136 1203 1283 1243 saltem
1333 1203 1373 1242 in
1419 1203 1607 1252 nominc,

286 1284 333 1315 ut
365 1286 670 1326 congregemus
714 1272 927 1325 pecunias,
974 1286 1060 1312 non
1101 1282 1148 1313 ut
1194 1286 1391 1313 sanemus
1430 1273 1605 1314 animas.

229 1344 416 1384 15Modo
449 1352 589 1383 autem
628 1342 906 1395 pervertimur
944 1343 985 1381 in
1027 1356 1176 1382 corvos
1221 1342 1419 1396 perfidos,
1464 1335 1607 1397 pastos

283 1415 334 1453 de
367 1414 564 1453 cadavere
604 1422 717 1453 extra
755 1426 905 1453 navem
946 1413 1130 1465 ecclesie,
1179 1422 1219 1453 et
1256 1423 1478 1467 tamquam
1510 1428 1606 1454 aves

282 1483 550 1538 rapacissime
583 1483 625 1522 in
658 1483 789 1523 altum
823 1483 1103 1533 ascendimus,
1148 1497 1234 1523 non
1267 1485 1319 1523 ad
1352 1484 1536 1538 pericula
1569 1494 1608 1524 et

283 1555 510 1595 commoda
543 1553 774 1607 spiritualia
798 1553 967 1593 ecclesie
1002 1555 1309 1607 speculandum
1341 1556 1412 1594 sed
1445 1555 1607 1594 lumina

187 1641 265 1676 ,531¹
282 1625 487 1665 habemus
531 1624 784 1675 acutissima,
830 1625 1018 1664 membra
1062 1622 1372 1665 velocissimass
1396 1635 1434 1665 et
1473 1634 1605 1665 rostra

222 1711 264 1734 20
281 1694 560 1735 retentissima
592 1696 643 1734 ad
677 1695 961 1747 predandum;
996 1704 1035 1735 et
1068 1709 1165 1735 cum
1194 1695 1341 1735 beatus
1365 1695 1606 1749 Gregorius,

280 1775 425 1818 pastor
449 1765 687 1818 precipuus,
722 1765 821 1805 dicit
843 1765 960 1805 XXIO
993 1765 1234 1817 Moralium,
1272 1780 1361 1819 cap.
1387 1766 1475 1816 IV0,
1509 1766 1606 1806 satis

279 1849 475 1889 asperum
498 1835 673 1874 verbum
697 1845 822 1890 atque
845 1835 1090 1876 terrificum:
1116 1836 1309 1884 Festina,
1333 1836 1483 1889 inquit,
1505 1849 1605 1876 con-

279 1907 440 1946 solacio
465 1905 674 1944 bonorum
700 1913 764 1945 est
785 1905 1209 1959 consideratusfinis
1232 1906 1461 1946 malorum.
1487 1906 1603 1945 Dum

281 1977 391 2016 enim
426 1989 480 2016 ex
513 1989 659 2015 eorum
685 1977 859 2016 interitu
885 1977 1048 2016 malum
1073 1977 1340 2029 conspiciunt
1374 1976 1487 2030 quod
1509 1990 1604 2016 ezra-

225 2052 264 2084 25
283 2046 400 2098 dunt,
435 2046 537 2087 bene
571 2048 819 2087 existimant
843 2046 1049 2100 quidquid
1080 2047 1310 2087 adversum
1341 2049 1384 2087 in
1408 2048 1488 2087 lzac
1520 2049 1605 2087 vita

273 2118 529 2170 paciuntur.
564 2117 680 2157 Eant
711 2130 819 2171 ergo
856 2131 971 2157 nunc
1003 2118 1178 2170 reprobi
1201 2125 1240 2157 et
1269 2118 1607 2158 delectationum

283 2201 462 2228 suarum
488 2187 705 2228 desideria
728 2189 994 2240 compleant:
1019 2188 1059 2227 in
1070 2187 1180 2241 finis
1202 2189 1270 2228 sui
1292 2188 1608 2241 dampnacione

281 2258 455 2299 sensuri
485 2264 598 2307 sunt,
633 2258 735 2311 quia
758 2265 934 2298 mortem
970 2259 1082 2299 male
1115 2259 1301 2299 viventes
1333 2266 1606 2300 amaverunt.

288 2328 558 2368 Transitorio
605 2334 750 2368 autem
798 2329 976 2369 verbere
1022 2329 1286 2383 affligantur
1327 2329 1459 2381 electi,
1508 2337 1551 2368 ut
1583 2344 1607 2369 a

226 2399 497 2452 3opravitate
522 2399 714 2453 flagella
753 2399 983 2452 corrigant
1013 2412 1119 2451 quos
1149 2405 1342 2451 paterna
1369 2399 1513 2451 pietas
1552 2399 1608 2438 ad

284 2468 557 2510 hereditatem
597 2475 757 2511 servat.
813 2468 943 2508 Modo
976 2470 1128 2509 etenim
1157 2469 1426 2523 flagellatur
1458 2471 1607 2521 iustus,

339 2608 366 2634 ti.
389 2606 428 2633 B:
457 2614 493 2633 ex
514 2606 715 2642 proprietate.
860 2614 890 2642 9.
913 2615 955 2634 10.
985 2606 1162 2642 expositum
1183 2612 1244 2634 est:
1278 2608 1418 2643 sequitur
1438 2607 1548 2635 lacuna
1577 2609 1607 2635 in

286 2654 378 2682 codd.
521 2660 568 2680 20.
589 2654 618 2680 A
638 2653 668 2680 in
690 2661 805 2688 marga
828 2653 1011 2689 Gregorius.
1157 2661 1199 2681 22.
1226 2655 1254 2682 A
1275 2654 1305 2681 in
1327 2663 1442 2690 marg:
1468 2654 1550 2682 Nota
1571 2655 1608 2682 de

286 2700 489 2729 tribulacione
510 2701 665 2728 bonorum
687 2705 715 2728 et
735 2700 941 2736 prosperitate
957 2701 1109 2729 malorum
1132 2701 1162 2728 in
1184 2702 1240 2729 hac
1261 2702 1333 2729 vita.
1476 2702 1519 2729 25.
1542 2703 1608 2729 leve

287 2748 463 2775 existimant
488 2746 519 2775 in
549 2751 632 2774 textu
667 2755 691 2774 s,
719 2746 882 2782 Gregorii;
910 2747 1061 2783 quidquid
1090 2748 1230 2777 adversi:
1262 2748 1303 2775 ib.
1448 2747 1487 2776 31.
1516 2747 1607 2775 Nunc

287 2794 399 2822 etenim
421 2794 451 2822 in
474 2798 558 2821 textu
579 2802 604 2821 5.
625 2793 718 2829 Greg.

349 2899 401 2921 22.
429 2890 522 2932 Opp.
548 2897 621 2922 tom
651 2891 674 2922 I.
700 2901 778 2933 pag.
805 2890 884 2921 681.

1667 615 1850 651 perpetuity.
