2045 3312
333 270 424 298 cm.
444 258 542 316 xvi]
845 275 902 305 nn
930 273 1165 305 ECCLESIA.

185 380 535 431 Q181<qztoniam
569 392 619 418 ea
653 393 734 432 que
767 379 824 418 ad
861 379 1128 431 spiritualem
1167 379 1289 418 vitam
1318 380 1539 431 pertinent
1570 380 1653 419 dis-

329 456 521 503 pensant
553 450 679 502 quasi
723 450 906 489 dextera
946 462 1057 502 pars
1099 456 1200 489 sunt
1244 450 1440 502 corporis
1483 450 1653 489 Christi.

335 521 387 558 Et
421 528 518 572 post
550 519 862 571 interpretando
897 528 1126 572 utrumque
1158 519 1384 558 terminum
1419 519 1475 558 sic
1509 519 1654 559 infert:

339 590 535 629 Clericus
550 589 631 628 nisi
644 590 786 628 Deum
812 596 850 628 et
873 603 922 629 ea
947 602 1029 642 que
1051 589 1108 628 ad
1123 590 1263 628 Deum
1282 596 1475 642 spectant
1496 590 1656 630 habere

301 670 418 702 511on
452 658 584 706 debet,
619 660 689 698 cui
719 665 924 699 statutum
962 666 1023 699 est
1063 658 1237 699 decimis
1281 666 1321 699 et
1363 660 1657 699 oblacionibus

333 743 414 782 que
433 730 524 769 Deo
557 729 804 782 offeruntur
836 731 1083 769 sustentari.
1120 730 1262 769 Laicis
1288 743 1388 769 vero
1412 730 1658 769 christianis

320 799 533 852 fidelibus
572 806 747 839 terrena
786 801 1012 852 possidere
1055 801 1319 849 conceditur,
1367 800 1443 840 sed
1489 800 1657 840 clericis

333 869 579 922 spiritualia
613 870 950 921 committuntztr,
994 871 1107 909 sicut
1125 870 1221 924 fuit
1267 871 1308 909 in
1354 871 1487 910 veteri
1528 878 1654 910 testa-

334 946 486 979 mento,
523 940 575 978 Et
607 953 696 992 cap.
733 940 829 979 VIIo
864 941 1043 980 declarat
1066 941 1292 994 quomodo
1316 941 1497 993 quedam
1523 942 1655 981 eccle-

280 1010 391 1054 ,oste
419 1009 579 1049 Christi
611 1009 837 1050 devocione
857 1010 1063 1064 fidelium
1088 1010 1387 1051 conceduntur
1408 1012 1527 1051 salvo
1561 1012 1655 1051 iure

332 1087 501 1120 terrene
528 1081 764 1132 potestatis,
800 1094 852 1119 ne
869 1081 958 1134 fiat
990 1081 1203 1135 confusio)
1237 1095 1331 1120 cum
1358 1082 1463 1121 nihil
1494 1082 1655 1121 inordi-

333 1157 482 1189 natum
517 1150 759 1203 approbare
777 1157 914 1204 potest
944 1152 1076 1191 Deus.
1117 1151 1238 1191 Unde
1268 1153 1527 1205 quandoque
1558 1167 1655 1192 con-

334 1220 489 1259 cedunt
533 1220 752 1273 principes
803 1222 967 1260 terreni
1015 1222 1177 1261 nudum
1224 1236 1347 1261 usum
1382 1224 1571 1274 ecclesie,
1619 1231 1658 1263 et

335 1290 593 1343 quandoque
637 1303 759 1330 usum
806 1298 842 1330 et
886 1298 1139 1344 potestatem
1190 1294 1433 1333 exercende
1477 1294 1656 1343 iusticie,

281 1372 315 1404 15
336 1361 449 1414 quod
480 1361 666 1400 clericus
692 1374 775 1414 per
809 1362 1124 1402 ecclesiasticas
1149 1375 1368 1415 personas
1401 1371 1476 1404 aut
1507 1365 1655 1404 indivi-

333 1430 419 1470 dua
468 1430 688 1470 clericalia
737 1445 943 1472 exercere
988 1446 1071 1472 non
1118 1439 1268 1486 potest.
1331 1434 1472 1474 Potest
1514 1442 1654 1474 tamen

332 1502 492 1540 habere
515 1513 733 1553 personas
766 1503 920 1556 ltU”CclS
955 1503 1173 1543 ministros
1204 1504 1261 1543 ad
1299 1504 1409 1544 illud
1451 1504 1656 1559 officium,

332 1572 393 1611 sic
424 1578 579 1622 tamen,
605 1573 754 1626 inquit,
790 1580 833 1613 ut
865 1573 908 1613 id
941 1574 1079 1627 ipsum
1115 1573 1230 1627 quod
1243 1581 1498 1628 potestatem
1532 1576 1658 1615 habet

241 1651 357 1686 ὥρια
398 1644 598 1697 principe
644 1651 816 1684 terreno
867 1657 912 1683 se
956 1644 1112 1683 habere
1157 1642 1416 1698 cognossscat
1459 1652 1498 1685 et
1541 1646 1657 1698 ipsas

276 1735 317 1755 20
325 1714 620 1765 possessiones
660 1727 881 1768 nunquam
915 1715 973 1753 ita
1006 1728 1030 1753 a
1066 1715 1187 1768 regia
1212 1722 1423 1768 potestate
1457 1715 1658 1770 elongari

325 1796 454 1836 posse
488 1784 713 1838 intelligat,
747 1785 848 1838 quin
881 1785 918 1824 si
949 1785 1066 1824 racio
1091 1786 1377 1838 postulaverit
1406 1793 1480 1826 aut
1514 1800 1655 1827 neces-

331 1853 449 1905 sitas,
497 1854 560 1893 illi
610 1854 698 1907 ipse
739 1855 1032 1907 possessiones
1085 1854 1266 1894 debeant
1322 1856 1364 1895 in
1410 1857 1658 1896 necessitate

332 1923 594 1976 obsequium,
611 1924 724 1977 quia,
748 1924 856 1964 sicut
877 1924 1001 1978 regia
1017 1931 1209 1978 potestas
1224 1926 1513 1978 patrocinium
1544 1927 1658 1980 quod

331 1992 452 2032 debet
494 1994 622 2033 alteri
664 1995 858 2034 alienare
901 2008 984 2034 non
1031 1994 1165 2045 debet,
1212 1996 1272 2035 sic
1317 1997 1407 2049 ipsa
1440 1998 1656 2049 possessio

276 2074 316 2106 25
334 2063 465 2102 eciam
513 2063 565 2103 ab
611 2065 908 2104 ecclesiasticis
945 2065 1147 2118 personis
1195 2066 1363 2105 obtenta
1409 2067 1654 2120 obsequium

332 2132 444 2186 quod
459 2134 577 2187 regie
594 2135 798 2187 potestati
811 2149 895 2188 pro
911 2136 1155 2188 patrocinio
1176 2135 1353 2176 debetur
1374 2137 1469 2175 iure
1493 2149 1655 2191 negare

332 2216 415 2243 non
441 2211 595 2257 potest.

280 2295 318 2328 R
391 2274 469 2313 Iste
501 2273 739 2327 profundus
773 2275 924 2315 doctor
954 2289 1043 2314 non
1066 2275 1302 2316 admitteret
1335 2277 1452 2330 quod
1485 2276 1656 2317 clericus

333 2343 502 2383 haberet
534 2343 576 2381 in
611 2358 652 2383 se
686 2344 941 2396 civilitatem,
988 2358 1063 2384 nec
1108 2354 1263 2384 emeret
1309 2345 1373 2384 vel
1420 2356 1582 2399 caperet
1614 2347 1655 2386 in

275 2422 317 2454 30
334 2426 375 2452 se
408 2413 491 2453 sive
530 2428 639 2467 papa
672 2414 754 2453 sive
787 2414 892 2454 alius
926 2428 1143 2454 summum
1178 2415 1420 2455 dominium
1457 2417 1654 2468 seculare,

334 2483 403 2522 sed
438 2496 584 2535 regens
616 2484 761 2538 laycos
800 2493 839 2524 et
883 2484 1204 2524 dominaciones
1248 2499 1343 2525 suas
1389 2485 1657 2539 spiritualiter

333 2552 513 2605 recipere
544 2561 689 2606 posset
720 2553 846 2592 titulo
880 2554 1110 2593 elemosine
1156 2554 1339 2594 fructum
1372 2555 1654 2608 possessionis

331 2622 396 2661 vel
436 2623 655 2675 potestatis
696 2632 868 2674 terrene,
913 2623 970 2663 sic
1009 2632 1148 2664 tamen
1195 2625 1313 2679 quod
1357 2625 1541 2664 seculare
1576 2626 1651 2664 do-

384 2768 411 2796 8.
433 2770 460 2797 A
475 2769 505 2797 in
521 2779 632 2805 marga
657 2770 772 2799 Contra
794 2771 1047 2800 dominacionem
1069 2772 1189 2801 civilem
1212 2774 1286 2801 cleri
1314 2773 1430 2808 (Below
1445 2773 1502 2802 1810
1522 2775 1653 2803 without

332 2815 419 2842 mark
440 2815 474 2843 of
491 2816 670 2851 reference).
816 2817 852 2845 15.
882 2818 920 2844 ss:
952 2827 1104 2854 personas
1134 2827 1169 2846 ac
1198 2819 1369 2847 individua.
1513 2829 1554 2857 19.
1579 2821 1600 2848 Β
1622 2822 1650 2849 in

332 2869 446 2896 marg:
468 2862 558 2900 Nota,
579 2867 697 2891 tantum
714 2865 898 2899 elongantur
914 2864 1098 2899 remporalia
1114 2865 1183 2893 data
1200 2866 1319 2893 clericis
1335 2875 1349 2893 a
1366 2867 1493 2894 brachio
1510 2868 1650 2903 seculari,

331 2912 363 2935 ut
384 2913 500 2943 putam.

1867 262 1946 315 379

1736 514 1825 546 Hugh
1846 515 1880 542 of

1718 550 1762 577 St.
1787 550 1896 578 Victor

1698 2265 1837 2293 declares
1857 2266 1920 2293 that

1683 2301 1802 2328 secular
1824 2309 1929 2336 power

1701 2341 1784 2363 must
1805 2341 1865 2363 rest
1885 2336 1915 2363 in

1682 2371 1803 2398 secular
1824 2371 1934 2398 hands.
