2045 3312
293 258 382 288 CAP.
410 250 536 310 XXIIL]
798 265 858 297 DE
885 266 1120 298 ECCLESIA,
1823 261 1895 300 561

136 378 168 411 F
196 370 405 422 2040quod
445 369 523 409 ista
563 371 778 409 sentencia
819 380 881 410 est
921 372 991 423 pia
1023 371 1220 411 fidelibus
1255 387 1344 412 sese
1385 375 1608 414 consolan-

289 439 403 478 tibus
421 439 462 478 in
483 440 659 479 domino
682 450 721 478 et
739 454 822 480 non
847 442 1094 493 blaspheme
1114 442 1382 495 exigentibus
1398 442 1608 483 honorem

289 508 482 549 debitum
523 510 601 549 soli
647 510 753 561 Deo,
797 511 908 550 unde
950 512 1023 565 qui
1063 521 1186 564 putat
1226 522 1451 566 peccatum
1493 527 1609 554 com-

190 580 442 630 2o4“mutari
488 581 553 619 vel
593 579 765 618 vendiss
810 594 888 632 pro
936 581 1051 620 nudo
1109 582 1367 622 numismate
1420 583 1610 636 implicat

254 651 402 702 §quod
453 650 567 689 Deus
615 649 760 689 vendit
807 664 828 689 a
873 664 915 689 se
962 651 1202 691 dominium
1249 651 1476 705 parificans
1529 654 1692 693 sibiThe
1722 664 1839 698 pardon
1869 664 1904 692 of

287 729 524 759 creaturam
555 733 576 758 a
608 733 691 772 qua
726 733 811 759 non
845 721 973 773 exigit
1006 722 1271 772 servitutem,
1298 733 1338 763 et
1361 736 1436 775 per
1459 737 1607 764 conse·
1636 698 1753 761 5551οᾶῗὲ
1773 707 1888 769 ffnotilisy

285 803 417 844 quens
452 790 566 829 Deus
607 790 809 829 venderet
843 804 886 829 se
926 791 1082 843 ipsum,
1122 792 1219 845 quia
1274 793 1607 847 insuperabilem
1633 768 1886 838 ii'giiitgiicsinsesslslf

285 859 510 911 iusticiam,
549 874 627 913 pro
659 860 730 899 vili
770 861 912 912 precio
953 861 1140 914 proprio,
1184 872 1229 902 ut
1266 874 1382 916 puta⁷
1417 879 1494 917 pro
1535 865 1609 904 mi-

287 940 404 980 nuta,
437 943 531 969 cum
565 944 643 983 pro
677 930 867 983 qualibet
900 941 1020 983 parte
1052 932 1181 984 precii
1217 934 1420 974 venderet
1453 935 1605 974 indivi-

230 1001 449 1043 1osibilem
500 1001 711 1040 iusticiam
764 1015 846 1054 que
898 1011 960 1041 est
1005 1002 1134 1042 Deus.
1205 1003 1288 1043 Sed
1342 1005 1446 1058 quid
1500 1019 1605 1058 rogo
1650 1015 1669 1041 i.
1691 1022 1716 1042 e.
1739 1015 1873 1044 himself.

286 1068 552 1111 blasfemius?
600 1071 699 1110 Ideo
745 1072 776 1111 si
823 1073 917 1125 quis
966 1082 1113 1125 peccat
1152 1074 1193 1112 in
1229 1075 1384 1126 Deum,
1433 1085 1603 1128 oportet

282 1142 396 1195 quod
423 1142 510 1194 ipse
543 1141 582 1180 in
618 1155 798 1194 persona
832 1143 1005 1195 propria
1039 1153 1232 1196 expectat
1262 1145 1602 1185 satisfaccionem

284 1213 345 1250 vel
371 1211 716 1264 satispassionem
740 1213 792 1251 ab
817 1213 965 1252 eadem
989 1227 1185 1266 persona,
1210 1217 1283 1268 qui
1317 1215 1357 1254 in
1393 1229 1490 1255 eum
1514 1230 1611 1269 pec-

282 1282 450 1321 caverit.
478 1283 530 1322 Et
551 1291 667 1335 patet
690 1284 805 1336 quod
830 1283 1016 1335 primum
1042 1295 1311 1338 assumptum
1346 1296 1408 1326 est
1433 1286 1601 1339 falsum,

227 1364 264 1396 15
281 1352 476 1392 videlicet
509 1353 625 1406 quod
659 1353 774 1392 Deus
807 1362 947 1405 potest
978 1364 1149 1407 peccata
1184 1356 1273 1394 sine
1307 1355 1602 1396 satisfaccione
1654 1364 1722 1392 God
1745 1371 1858 1405 cannot

280 1423 494 1464 dimittere
531 1424 596 1462 vel
632 1426 950 1465 communicare
974 1426 1132 1465 vicario
1157 1439 1234 1465 suo
1266 1426 1511 1479 potenciam
1538 1428 1602 1466 vel
1637 1406 1769 1498 witrlfigiif
1788 1409 1874 1464 ssitiis-

278 1502 449 1546 peccata
485 1494 623 1533 taliter
664 1494 906 1534 remittendi
959 1496 1020 1535 vel
1061 1505 1210 1536 contra
1244 1506 1417 1549 peccata
1461 1496 1601 1536 taliter
1705 1476 1819 1498 aenon.

279 1563 564 1616 dispensandi.
590 1564 685 1603 Hoc
718 1564 830 1603 enim
865 1575 927 1605 est
961 1565 1012 1603 de
1045 1566 1201 1618 regalia
1234 1567 1406 1619 propria
1438 1567 1597 1607 deitati.

338 1634 390 1673 Et
418 1648 492 1687 per
515 1633 591 1673 hec
613 1643 730 1687 patet
760 1635 981 1687 responsio
1006 1636 1056 1674 ad
1080 1637 1271 1689 primum
1294 1647 1598 1690 argumentum
1628 1644 1877 1709 Certffinliaegen

221 1724 263 1746 20
279 1716 365 1756 quo
387 1704 591 1743 suadetur
614 1705 838 1744 dominum
864 1719 1018 1758 papam
1044 1706 1094 1745 de
1119 1705 1230 1746 facto
1256 1707 1314 1747 sic
1338 1706 1495 1757 facere;
1514 1722 1598 1747 non
1689 1690 1813 1750 cannoi,

278 1774 390 1812 enim
430 1774 645 1826 pretendit
683 1776 865 1814 vicarius
906 1775 1068 1815 Christi
1102 1784 1177 1816 aut
1209 1777 1323 1817 Petri
1357 1778 1423 1817 vel
1456 1778 1514 1817 sic
1555 1793 1598 1818 se

277 1858 401 1896 posse
435 1844 586 1895 facere,
623 1844 701 1884 nisi
735 1844 846 1884 forte
890 1846 1156 1898 blasphemet
1188 1856 1228 1886 et
1260 1857 1410 1899 postea
1449 1849 1596 1901 resipi-

278 1923 379 1954 scat.
423 1915 547 1954 Unde
587 1915 757 1968 signum
799 1915 1018 1955 infallibile
1053 1916 1163 1956 foret
1195 1916 1361 1956 homini
1395 1919 1510 1971 quod
1545 1920 1598 1959 sit

275 1994 390 2023 extra
423 1986 613 2037 regulam
654 1999 781 2039 quam
817 1985 1015 2026 Christus
1055 1987 1142 2026 suis
1190 1987 1387 2039 instituit,
1430 2002 1505 2027 nec
1545 1989 1598 2029 sit

219 2064 258 2095 25
277 2054 325 2092 de
360 2067 539 2094 numero
573 2055 742 2094 illorum
774 2069 850 2108 pro
887 2056 1043 2109 quibus
1075 2056 1272 2096 Christus
1307 2066 1407 2096 tunc
1441 2060 1593 2110 oravit,

274 2124 306 2162 si
340 2133 598 2176 potestatem
645 2125 770 2164 talem
817 2126 895 2165 sibi
942 2127 1224 2179 usurpaverit,
1268 2141 1343 2166 nec
1383 2128 1591 2168 sollicitor

274 2194 381 2233 circa
429 2194 538 2234 facta
586 2195 683 2234 talia
727 2196 999 2247 particularia
1046 2197 1271 2236 dominum
1321 2211 1476 2250 papam
1526 2199 1589 2237 vel
1618 2205 1737 2232 andhe
1759 2213 1873 2235 cannot

1620 2241 1654 2267 be
1675 2249 1691 2267 a
1713 2240 1870 2269 Christian

273 2264 506 2304 confratres
547 2278 644 2304 suos
686 2274 844 2305 temere
886 2267 1142 2318 accusand0‚
1179 2267 1252 2306 sed
1287 2268 1373 2307 scio
1407 2269 1523 2321 quod
1558 2269 1590 2308 si
1619 2275 1860 2346 sifciloeqcssffss'ess

272 2333 454 2373 finaliter
487 2344 757 2375 consummat
788 2336 828 2374 in
855 2337 933 2376 ista
967 2337 1195 2388 sentencia,
1220 2351 1295 2376 nec
1325 2338 1406 2378 fuit
1431 2338 1591 2378 Christi

214 2414 256 2445 30
272 2404 451 2443 vicarius
497 2418 571 2444 nec
624 2406 754 2445 eciam
806 2406 1073 2460 christianus7
1126 2407 1226 2460 quia
1280 2421 1364 2446 non
1417 2408 1591 2449 intravit

324 2536 341 2556 1.
364 2527 402 2554 ss:
425 2528 461 2555 de
489 2538 520 2556 se
547 2530 794 2558 consolantibus.
967 2531 991 2559 5.
1018 2533 1046 2559 A
1068 2532 1097 2558 iu
1125 2540 1241 2567 marg:
1267 2532 1349 2560 Nota
1376 2533 1413 2560 de
1442 2538 1592 2569 usurpata

271 2575 454 2602 auctoritate
475 2584 562 2611 pape.
694 2578 734 2605 ιδ.
758 2577 778 2604 Β
795 2579 824 2605 in
847 2586 962 2612 marg:
979 2579 1063 2613 Quid
1086 2587 1139 2614 per
1160 2579 1219 2607 hoc
1234 2579 1384 2614 intelligit,
1409 2588 1480 2607 cum
1502 2581 1591 2608 dicit:

269 2620 337 2648 Hoc
353 2622 433 2649 enim
449 2628 494 2650 est
513 2623 551 2650 de
564 2624 676 2659 regalia
688 2625 813 2659 propria
830 2624 954 2653 deitati?
971 2633 1041 2653 cum
1059 2626 1142 2660 prius
1165 2626 1196 2653 fit
1216 2626 1380 2662 responsio
1396 2627 1434 2653 de
1449 2627 1591 2661 potencia

269 2668 471 2702 dispensandi
487 2674 595 2697 contra
617 2676 742 2705 peccata
764 2679 817 2707 per
831 2671 1084 2700 satisfaccionem
1101 2673 1225 2700 alterius
1241 2681 1303 2700 non
1325 2681 1379 2708 per
1399 2674 1589 2701 sentenciam

269 2722 357 2741 suam
379 2720 422 2742 est
444 2717 612 2744 tenendum
641 2718 725 2752 quod
750 2718 831 2746 Deus
859 2719 925 2754 ipse
944 2724 997 2747 aut
1018 2727 1098 2755 papa
1119 2720 1229 2756 aliquis
1257 2724 1357 2755 potest
1389 2725 1498 2748 contra
1520 2729 1591 2754 pec-

269 2765 371 2788 catum
393 2762 519 2797 aliquod
541 2763 724 2799 dispensare
752 2765 810 2792 nisi
837 2774 968 2801 persona
996 2766 1181 2801 delinquens
1209 2766 1378 2794 satisfaciat
1404 2768 1434 2794 in
1457 2774 1590 2802 persona

269 2808 414 2843 propria?
436 2809 520 2844 Quid
542 2818 615 2844 ergo
636 2816 681 2838 est
702 2811 776 2839 iilud
799 2812 884 2847 quod
907 2818 951 2839 est
972 2813 1008 2839 de
1030 2813 1143 2847 regalia
1166 2814 1293 2848 propria
1314 2812 1440 2842 deitati?

336 2904 383 2937 ¹9·
412 2893 462 2924 Cf.
490 2904 567 2937 pag.
597 2894 672 2936 556,
699 2905 730 2938 9.

1455 2952 1498 2988 36
