2045 3312
111 252 192 302 234
826 261 1051 294 ,IOHANNIS
1077 261 1275 294 WYCLIF.
1541 248 1645 307 [cmv.
1668 259 1720 287 xi.

110 375 205 438 bsgnffi
228 375 383 438 ithssii'ss'ssi-
400 367 548 420 pocius
593 367 727 420 vergit
769 368 820 406 ad
865 367 928 406 sui
974 367 1269 416 commodum,
1316 368 1388 407 sed
1421 367 1501 408 hoc
1535 367 1641 408 foret
1678 368 1720 407 in
1742 379 1818 413 161¹*
1842 380 1874 414 F

177 451 319 481 vintage.
400 451 496 477 casu
552 437 798 478 huiusmodi
860 437 1088 489 medicina;
1148 451 1245 491 ergo
1303 437 1534 479 conclusio.
1601 439 1721 479 Unde

398 517 543 548 movet
589 508 639 547 ad
683 508 765 548 hoc
812 507 1095 562 privilegiacio
1139 507 1261 561 regis,
1293 507 1400 560 finis,
1432 508 1570 562 gracia
1603 508 1722 548 cuius

399 577 668 631 privilegium
721 578 967 619 conceditur
1018 578 1075 617 illi
1129 578 1237 630 loco,
1291 587 1331 619 et
1382 579 1539 619 utilitas
1593 593 1722 633 quam

400 648 610 689 caritative
656 662 724 688 rex
770 649 894 689 debet
936 648 1149 688 intendere
1195 648 1386 702 fugitivo
1433 649 1474 689 Si
1508 649 1621 689 enim
1654 663 1763 696 rexa

401 728 584 759 erranter
629 719 853 759 intenderit
896 718 1027 758 finem
1074 719 1130 758 illi
1177 719 1439 773 oppositum,
1472 729 1573 760 tunc
1605 718 1638 758 si
1670 720 1722 759 ab

107 797 302 850 Italiqlfflps
328 789 473 829 badillo
522 802 660 829 errore
706 798 910 842 purgatus
954 803 1040 828 non
1087 789 1222 841 fuerit,
1268 803 1378 842 pena
1422 803 1497 830 sua
1530 803 1577 829 ex
1618 803 1721 843 qua-

125 840 379 930 d-i÷1÷}}bhf⁵ur1-d
401 873 570 912 cunque
592 859 755 899 malicia
779 873 861 913 que
885 859 1037 899 directe
1060 859 1208 900 exinde
1233 859 1432 914 sequitur,
1463 869 1722 914 aggravatur,

116 910 174 965 apg
192 910 363 965 {oirgcfeili-
401 940 440 970 et
485 930 644 969 nedum
677 930 757 969 hoc
790 931 862 969 sed
895 939 1117 983 peccatum
1148 944 1295 984 regum
1318 930 1343 958 ’ἃς
1366 930 1642 971 dominorum
1684 939 1723 970 et
1743 943 1801 976 161

400 1001 662 1054 prelatorum
695 1000 983 1054 superstitum,
1008 1000 1079 1054 qui
1104 1000 1418 1054 correpcionem
1448 1001 1563 1041 illam
1593 1014 1723 1054 quam
1743 1024 1781 1046 10

400 1071 554 1110 debent
577 1084 623 1110 ex
647 1070 802 1110 accidia
821 1070 1147 1124 pretermittunt.
1171 1071 1282 1110 Nam
1297 1071 1526 1110 LXXXIIIa
1549 1070 1720 1111 distinc-

401 1142 521 1181 cione
567 1140 624 1180 sic
672 1140 881 1181 scribitur:
916 1141 1062 1180 Error
1092 1141 1162 1180 cui
1194 1154 1278 1180 non
1314 1141 1531 1180 resistitur
1564 1154 1721 1194 appro-

400 1213 542 1263 batur,
575 1218 613 1251 et
643 1212 803 1252 veritas
835 1224 933 1250 cum
968 1211 1141 1252 minime
1165 1210 1422 1265 defensatur
1444 1211 1721 1264 opprimitur.

109 1283 640 1352 ¹{Jeoxtvitgkgffliss{10Negligere
673 1284 845 1336 quippe,
886 1295 981 1322 cum
1010 1284 1154 1334 possis
1178 1281 1448 1335 perturbare
1471 1294 1721 1334 perversos,

125 1359 370 1394 supportthem-
401 1366 485 1393 non
530 1360 594 1393 est
636 1353 762 1392 aliud
804 1366 935 1406 quam
968 1353 1144 1407 fovere.
1209 1353 1297 1392 Nec
1348 1359 1468 1392 caret
1510 1353 1779 1405 scrupulo15

399 1425 615 1464 societatis
659 1424 824 1464 occulte
860 1424 935 1476 qui
966 1423 1198 1477 manifesto
1226 1423 1429 1477 facinori
1465 1423 1620 1462 desinit
1651 1423 1721 1462 ob-

399 1496 534 1536 viare.
588 1495 641 1533 Et
694 1494 858 1533 utinam
911 1494 1043 1534 nostri
1089 1493 1267 1545 domini,
1312 1493 1444 1533 nostri
1489 1492 1635 1547 prelati
1684 1502 1723 1532 et

401 1565 532 1604 nostri
572 1564 777 1605 scolastici
817 1564 1078 1604 attenderent
1119 1564 1223 1604 illud
1257 1564 1440 1615 dictum;
1474 1576 1573 1603 nam
1605 1572 1721 1602 totus

400 1636 518 1677 labor
545 1635 790 1675 scolasticus
813 1635 935 1674 debet
956 1635 1126 1674 tendere
1158 1635 1210 1673 ad
1242 1634 1354 1674 hunc
1386 1632 1515 1673 finem
1548 1642 1722 1687 propter

400 1706 541 1745 zelum
572 1706 624 1745 ad
657 1704 883 1744 dominum
915 1704 1098 1744 veritatis
1131 1704 1173 1743 in
1206 1717 1334 1757 quem
1368 1703 1608 1744 offenditur.
1670 1704 1760 1747 ΕΗ)

400 1777 452 1815 ad
498 1775 611 1815 idem
657 1783 779 1815 sonat
826 1774 944 1829 quies
992 1774 1306 1833 monachorum
1350 1774 1404 1813 ibi
1449 1774 1720 1828 degencium3

401 1860 499 1886 cum
544 1845 657 1885 enirn
701 1845 841 1885 omnis
874 1844 1023 1884 nociva
1055 1843 1321 1898 perturbacio
1354 1844 1479 1884 trahit
1511 1843 1720 1897 originem

400 1931 423 1956 a
455 1925 642 1970 peccato,
683 1925 796 1969 patet
829 1916 946 1970 quod
978 1914 1176 1954 monachi
1209 1928 1297 1954 non
1331 1914 1616 1968 quietarentur
1651 1915 1721 1953 sed

143 2000 211 2028 Tne
238 2001 349 2028 monus
401 1987 670 2027 turbarentur
703 2002 751 2027 ex
784 1986 927 2027 favore
961 1996 1000 2027 et
1031 1985 1272 2026 assistencia
1304 1995 1588 2039 peccatorum.
1613 1985 1666 2024 Et
1689 1984 1720 2023 si

109 2038 385 2110 qtfiZR'iffin'dss-”lfre
401 2057 552 2098 dicitur
584 2058 699 2111 quod
732 2066 793 2097 est
825 2056 882 2097 eis
915 2057 1095 2108 lucrum,
1124 2070 1222 2096 cum
1255 2055 1418 2109 fugitivi
1445 2055 1722 2095 condividunt
1739 2067 1779 2099 25

138 2106 298 2168 ἀιδωζῑῗῖἀ
321 2106 359 2141 by
400 2128 650 2182 temporalia
683 2141 766 2182 que
801 2136 1042 2181 apportant,
1072 2126 1368 2180 superadditur
1401 2139 1601 2166 accusans
1631 2139 1720 2178 gra-

401 2199 520 2239 vacio
565 2199 682 2252 quod
726 2207 813 2238 tam
857 2198 987 2238 sancti
1021 2197 1109 2251 viri,
1157 2206 1244 2237 tam
1290 2196 1454 2237 alienati
1489 2210 1511 2236 a
1543 2196 1721 2246 mundo,

402 2269 483 2309 sint
506 2269 607 2308 socii
638 2268 793 2320 furum,
818 2268 1181 2308 communicantes
1205 2281 1303 2308 cum
1333 2265 1721 2317 excommunicatis,

402 2339 730 2392 impedientibus
776 2353 896 2378 suam
943 2339 1356 2392 contemplacionem
1389 2347 1428 2378 et
1461 2337 1647 2392 quietem
1679 2336 1719 2376 in

402 2409 594 2461 domino,
641 2409 738 2463 quia
771 2408 871 2448 Isaie
906 2409 994 2461 IX0,
1032 2410 1067 2460 5,
1101 2409 1311 2449 scribitur:
1351 2408 1503 2449 Omnis
1534 2407 1759 2450 violentae

393 2479 604 2534 predacio
648 2492 744 2518 cum
789 2479 993 2520 tumultu.
1040 2480 1199 2520 Ymmo
1247 2493 1346 2519 cum
1396 2478 1478 2518 loci
1526 2477 1721 2517 sanctitas

454 2650 478 2669 2.
500 2642 527 2669 Α
548 2641 569 2668 Β
592 2641 622 2669 in
644 2648 761 2675 marg:
788 2640 916 2677 Triplex
942 2641 1058 2669 mocio.
1204 2649 1235 2668 11.
1257 2641 1286 2668 A
1306 2640 1336 2668 in
1359 2647 1474 2673 marg.:
1502 2637 1669 2674 LXXXIII,
1691 2647 1720 2675 q.

400 2689 492 2724 Nota,
521 2687 611 2716 Nota.
642 2687 662 2713 B
684 2688 713 2715 in
736 2695 832 2722 marg.
856 2695 937 2715 man.
959 2688 1026 2716 alh:
1057 2687 1152 2715 Error
1181 2689 1228 2716 cui
1256 2695 1317 2714 non
1340 2686 1491 2714 resistitur
1521 2686 1720 2721 approbatur.

403 2736 440 2763 13.
463 2735 500 2762 ss:
524 2735 684 2771 opprimit.
827 2735 869 2763 25.
903 2736 932 2762 A
963 2736 1020 2769 A‚:
1055 2735 1165 2763 dicitur
1192 2735 1274 2771 quod
1297 2741 1366 2762 cum
1388 2734 1433 2761 eis
1448 2733 1566 2762 lucrum
1588 2733 1719 2769 fugitivi.

402 2782 448 2811 30.
469 2782 502 2810 In
526 2782 638 2811 codd.:
659 2782 827 2817 violencia3
848 2781 966 2810 correxi
989 2790 1025 2809 ex
1044 2782 1084 2810 Is.
1104 2781 1156 2819 IX,
1177 2782 1202 2811 5.

466 2913 514 2933 11.
543 2903 624 2935 Dec.
651 2902 661 2934 I
689 2912 781 2945 pars,
808 2901 884 2933 dist.
912 2901 1093 2943 LXXXIII,
1120 2911 1148 2933 c.
1175 2899 1230 2934 III.
