2045 3312
293 247 381 276 CAP.
406 235 488 294 xx]
788 247 848 279 DE
875 243 1111 278 ECCLESIA.

138 367 174 400 N
197 365 274 412 195³
292 355 444 395 finibus
477 354 562 394 suis
594 367 756 407 egressa
781 351 955 392 Matthei
979 352 1088 391 XVO.
1114 350 1224 389 Nam
1248 363 1296 388 ex
1319 349 1619 403 predicacione,

289 424 383 465 fidei
422 424 615 479 gentibus
654 430 850 463 exeuntes
896 422 947 462 de
983 420 1224 475 gentilitatis
1263 432 1399 459 errore
1437 420 1609 460 accincti

291 505 388 536 sunt
431 496 481 535 ad
526 502 720 548 precepta
764 490 925 531 domini
959 489 1240 543 adimplenda.
1290 490 1344 530 Et
1387 489 1486 544 quia
1531 490 1610 530 hoc

229 578 276 610 14
290 566 495 607 redundat
541 565 593 604 ad
640 562 877 617 profectum
909 560 1093 612 ecclesie,
1128 559 1223 599 ideo
1257 559 1424 599 decimo
1457 569 1608 614 quarto

256 635 561 680 §subinferturt
610 632 835 674 Fortitudo
875 639 914 671 et
944 631 1072 671 decor
1104 630 1398 670 inclzimentznn
1432 631 1537 683 eius,
1571 638 1610 671 et

289 706 442 747 ridebit
473 707 514 745 in
547 704 614 744 die
641 703 881 744 novissimo.
906 702 1015 741 Nam
1049 715 1097 741 ex
1129 700 1363 740 insercione
1385 701 1609 753 gentilium

287 777 423 817 induit
467 775 638 816 ecclesia
681 773 895 827 copiosius
941 771 1167 812 dominum
1198 772 1341 812 Jesum
1376 771 1607 812 Christum.

288 846 509 887 Fortitudo
543 845 779 885 secundum
811 842 1103 896 Augustinum
1143 841 1280 894 signat
1320 841 1608 881 constanciam

287 916 491 970 passionis
526 914 754 968 sanguinee
787 922 826 954 et
858 914 983 952 decor
1012 912 1160 952 floren]
1194 911 1391 952 castitatis
1425 912 1609 966 virginee

233 1012 271 1033 10
287 989 399 1028 iuxta
431 987 592 1026 dictum
614 985 823 1039 superius:
849 984 1002 1023 Bissus
1026 990 1065 1023 et
1078 996 1287 1035 purpura
1311 982 1607 1023 indumentum

287 1059 390 1099 eius.
421 1058 531 1096 Nam
563 1056 638 1095 hec
673 1057 754 1094 due
787 1054 960 1094 virtutes
994 1052 1261 1093 invaluerunt
1293 1053 1401 1093 ultra
1431 1053 1608 1093 Judeam

286 1128 327 1166 in
361 1126 532 1167 ecclesia
565 1125 760 1179 gencium
800 1137 1110 1174 conversarum,
1145 1132 1183 1163 et
1216 1123 1364 1162 exhinc
1406 1123 1609 1163 nimirum

294 1197 460 1237 habebit
492 1196 567 1236 hec
607 1204 801 1235 matrona
848 1194 1053 1234 iubileum
1101 1194 1142 1232 in
1198 1194 1263 1233 die
1307 1193 1469 1247 iudicii3
1531 1207 1607 1234 nec

293 1268 492 1307 miremur
531 1266 631 1320 quid
667 1265 871 1319 scriptura
902 1273 989 1304 tam
1029 1264 1171 1304 crebro
1217 1264 1393 1318 precipit
1430 1278 1509 1304 nos
1548 1265 1607 1304 in-

232 1352 267 1384 15
286 1339 412 1379 duere
438 1338 548 1377 Isaac
572 1346 781 1388 nostrum,
818 1335 916 1389 quia
944 1343 1096 1375 notum
1127 1344 1186 1374 est
1214 1336 1330 1389 quod
1358 1335 1608 1376 indumenta

285 1409 421 1449 anime
457 1418 555 1448 sunt
578 1408 763 1459 virtutes,
798 1405 989 1446 Christus
1022 1414 1164 1445 autem
1188 1405 1262 1445 Dei
1295 1405 1424 1445 virtus
1458 1414 1498 1446 et
1530 1407 1607 1446 Dei

285 1479 495 1533 sapiencia
528 1487 567 1518 et
602 1477 737 1517 forma
777 1476 1022 1529 exemplaris
1067 1475 1293 1516 extrinseca
1340 1475 1524 1517 efficiens
1568 1486 1607 1517 et

285 1549 378 1588 finis
417 1549 505 1588 sine
538 1548 656 1588 cuius
690 1547 823 1601 illapsi
857 1546 1164 1586 informacione
1206 1560 1293 1585 non
1327 1556 1387 1586 est
1420 1555 1605 1587 creatura

283 1621 423 1674 aliqua
454 1619 652 1659 virtuosa.
708 1618 887 1657 Habitus
933 1627 1075 1658 autem
1124 1618 1194 1672 qui
1241 1626 1339 1658 sunt
1384 1618 1604 1672 qualitates

227 1716 268 1737 20
284 1701 322 1730 et
368 1689 503 1729 forme
549 1689 766 1729 intrinsece
806 1702 893 1727 non
937 1699 1036 1729 sunt
1083 1689 1159 1727 nisi
1193 1689 1522 1729 consuetudines
1566 1699 1605 1729 et

284 1760 642 1814 promptitudines
675 1760 725 1799 ad
760 1759 986 1813 agendum.
1041 1760 1162 1799 Unde
1196 1758 1391 1799 Christus
1432 1759 1605 1812 illapsus

284 1831 476 1870 membro
509 1844 587 1870 suo
620 1838 840 1882 tamquam
873 1829 948 1868 sibi
982 1829 1195 1869 accidente
1219 1829 1370 1869 dicitur
1402 1838 1441 1869 et
1462 1829 1604 1882 ipsum

283 1901 455 1940 induere
500 1908 539 1940 et
586 1908 812 1939 contexens
851 1899 1075 1939 virtutibus
1116 1899 1324 1952 sapiencia
1364 1913 1602 1952 perornare.

165 1986 267 2020 015
342 1971 462 2011 Unde
495 1970 683 2024 sequitur
727 1969 891 2009 decimo
937 1969 1107 2023 quinto:
1173 1968 1231 2009 Os
1262 1983 1389 2009 suuni
1435 1971 1605 2023 aperuit

225 2041 492 2094 25.s·apieizcie
524 2047 562 2080 et
596 2041 665 2080 Iex
687 2040 911 2080 clemencie
934 2040 975 2079 in
1001 2040 1150 2093 lingua
1185 2040 1288 2080 eins.
1323 2040 1464 2080 Virtus
1489 2040 1601 2080 enim

282 2124 363 2164 que
417 2119 477 2150 est
527 2110 735 2163 sapiencia
789 2109 916 2163 patris
962 2109 1106 2162 illapsa
1153 2110 1322 2150 ecclesie
1369 2110 1462 2150 fecit
1509 2124 1600 2150 eam

281 2181 455 2221 ebullire
488 2180 695 2234 sapiencia
729 2189 815 2220 tam
849 2181 1086 2220 secundum
1118 2189 1236 2221 actus
1270 2195 1400 2235 quam
1433 2181 1601 2222 habitus

280 2251 444 2291 virtutiS
463 2264 543 2305 que
567 2259 664 2290 sunt
686 2250 774 2290 eius
796 2251 982 2304 vestigia,
1013 2260 1051 2291 et
1073 2251 1115 2289 in
1138 2251 1280 2305 lingua
1303 2251 1390 2290 eius
1414 2251 1602 2292 ordinate

282 2321 453 2373 ponitur
490 2322 555 2361 lex
592 2321 789 2360 laudandi
829 2321 871 2359 in
905 2335 982 2361 suo
1017 2321 1163 2361 ordine
1196 2321 1357 2361 domini
1392 2331 1431 2361 et
1464 2323 1600 2375 quod-

224 2390 381 2438 301ibet
424 2404 533 2444 opus
571 2405 709 2430 suum.
766 2392 928 2431 Prestet
973 2391 1106 2441 nobis,
1152 2391 1290 2445 inquit
1321 2392 1600 2446 Augustinus,

281 2461 322 2499 in
346 2461 420 2500 illa
443 2461 692 2509 constitutis,
723 2461 858 2513 ipsam
885 2461 1172 2511 laudantibus,
1207 2462 1270 2501 illi
1294 2462 1601 2513 coherentibus,

279 2543 374 2570 cuni
421 2531 495 2570 illa
540 2538 579 2570 et
617 2532 658 2570 in
693 2532 768 2571 illa
813 2540 1034 2585 tamquam
1080 2540 1213 2571 matre
1259 2532 1437 2583 glorian]
1480 2547 1600 2573 suan]

279 2601 614 2653 expectantibus,
660 2608 705 2640 ut
743 2608 783 2641 et
834 2614 909 2641 nos
960 2602 1001 2640 in
1049 2603 1200 2642 timore
1251 2603 1500 2654 aperiamus
1554 2617 1599 2643 os

280 2677 471 2710 nostrum
505 2677 661 2711 attente
684 2678 724 2711 et
752 2678 875 2711 caute
907 2678 946 2711 et
965 2672 1157 2712 sollicite.
1192 2673 1302 2712 Nam
1336 2672 1372 2711 Ia
1405 2671 1597 2714 Corinth.

223 2740 347 2794 35110,
384 2740 403 2778 3
430 2740 570 2780 scribit
592 2740 847 2794 Apostolus:
869 2740 973 2781 Cum
1007 2741 1159 2781 timore
1191 2748 1230 2781 et
1251 2748 1436 2781 tremore
1465 2743 1598 2781 multo

344 2906 384 2934 13.
400 2897 513 2926 Codd.:
528 2898 682 2926 iubilium.
758 2900 842 2934 19.1n
853 2900 960 2928 codd.:
980 2908 1038 2936 que
1047 2906 1129 2928 sunt.
1204 2900 1252 2935 34.
1263 2901 1448 2928 sszaccincte
1457 2905 1593 2929 etcaute.

1814 234 1898 288 487

1686 638 1783 666 Verse
1803 639 1845 667 25.

1650 672 1711 734 ³1¹¹e
1732 674 1873 736 g³b³¹¹⁵113¹e¹

1642 716 1826 783 ggrriisii'ngyin
1848 743 1883 771 of

1649 779 1699 805 the
1720 779 1871 806 Gentiles.

1671 1986 1770 2015 Verse
1790 1990 1836 2015 20.

1646 2020 1714 2049 The
1735 2022 1859 2049 Chnrch

1644 2056 1669 2083 is
1689 2057 1741 2084 full
1765 2057 1800 2084 of
1817 2058 1866 2085 the

1616 2091 1750 2119 wisdom
1779 2092 1815 2119 of
1840 2094 1891 2120 tlie

1693 2127 1817 2163 Father,
