2045 3312
300 262 390 291 CAP.
420 251 547 309 xxm]
787 268 845 299 DE
874 267 1111 302 ECCLESIA.
1820 262 1898 302 585

181 382 216 416 Y
243 383 269 415 8
348 372 454 411 Dico
487 380 639 411 octavo
673 374 787 426 quod
823 375 1064 414 sacerdotes
1091 374 1267 428 Christi,
1302 377 1398 415 licet
1423 378 1607 418 habeant
1684 389 1710 415 ὃ.
1735 388 1848 415 Priests

192 443 270 483 207⁰
286 450 542 495 potestatem
577 443 627 481 ad
663 444 972 484 absolvendum
1007 445 1203 485 subditos
1229 459 1249 484 a
1275 460 1382 498 pena
1408 456 1447 487 et
1471 449 1607 502 culpa,
1651 423 1879 493 εὲὲὲἶὲῗςῑὲἶε-

289 526 373 552 non
431 521 573 552 tamen
620 513 777 554 debent
821 515 1039 555 absolvere
1085 516 1165 555 sub
1214 516 1292 555 hac
1341 519 1476 557 forma
1532 533 1606 558 nec
1625 494 1899 568 nssitissngifeugiiii-

291 583 469 622 subiecti
503 583 606 622 illud
642 593 852 638 expetere,
887 585 965 625 nisi
999 585 1080 625 hoc
1114 586 1171 625 eis
1207 587 1445 638 specialiter
1485 588 1610 629 fuerit
1668 564 1859 626 {ssi'giitsst‘i'gffl

257 654 537 694 §revelatum
584 654 724 693 Prima
766 668 862 708 pars
907 664 1025 708 patet
1059 670 1107 695 ex
1142 656 1222 696 hoc
1256 658 1371 710 quod
1413 660 1609 699 sacerdos

290 730 430 774 potest
490 725 854 765 sacramentaliter
912 727 1138 766 ostendere
1191 727 1269 766 sibi
1333 728 1609 769 confitentem

291 792 429 832 taliter
476 794 737 846 absolutum,
784 796 857 849 qui
903 797 954 835 ad
1001 805 1168 837 tantum
1219 798 1454 838 conteritur
1493 801 1608 853 quod

290 864 430 903 statim
476 864 683 904 decedens
729 866 818 905 sine
863 880 970 919 pena
1017 868 1254 920 purgatorii
1288 869 1522 923 advolaret,
1572 880 1611 911 et

290 935 370 974 hoc
410 943 472 974 est
505 935 769 975 sacerdotem
803 937 1038 978 absolvere.
1086 938 1173 978 Nec
1214 948 1275 979 est
1313 948 1502 992 potestas
1538 942 1608 981 ali-

236 1023 273 1044 10
292 1005 412 1044 cuius
446 1005 678 1046 sacerdotis
712 1006 752 1045 in
789 1020 888 1047 casu
921 1008 1073 1048 ultime
1103 1009 1364 1049 necessitatis
1389 1011 1447 1049 sic
1481 1011 1610 1064 ligata

290 1076 407 1128 quin,
456 1084 664 1129 quantum
699 1077 814 1116 Deus
849 1078 1038 1117 revelans
1071 1079 1326 1132 permiserit,
1372 1082 1506 1133 possit
1538 1083 1610 1122 ab·

290 1145 474 1197 solvere3
534 1145 644 1185 foret
703 1156 848 1187 autem
907 1149 1038 1188 nimia
1098 1151 1371 1204 presumpcio
1424 1152 1610 1206 aliquem

291 1214 451 1255 Christi
484 1215 689 1255 vicarium
720 1217 1041 1258 absolucionem
1073 1220 1199 1259 talem
1233 1222 1500 1273 pretendere,
1532 1224 1609 1264 nisi

293 1285 408 1325 Deus
444 1285 524 1325 hoc
554 1286 633 1325 sibi
658 1287 909 1328 revelaverit
932 1288 1190 1342 faciendum,
1215 1304 1266 1330 ne
1290 1290 1399 1331 forte
1422 1292 1611 1334 incurrat

236 1363 273 1396 15
291 1356 588 1409 blasphemum
620 1358 908 1398 mendacium.
956 1359 1072 1409 Quid
1118 1374 1219 1413 ergo
1253 1362 1364 1402 valet
1396 1363 1610 1404 subiectos

289 1426 548 1479 inoportune
587 1429 907 1470 absolucionem
947 1432 1074 1471 talem
1116 1442 1325 1486 expetere,
1361 1446 1457 1472 cum
1499 1443 1610 1474 certe

290 1499 448 1539 debent
482 1500 653 1540 credere
687 1502 804 1554 quod
843 1504 1230 1556 correspondenter
1263 1505 1312 1543 ad
1348 1518 1424 1543 sua
1459 1505 1609 1545 merita

289 1570 354 1608 vel
389 1569 592 1610 demerita
626 1569 911 1613 taxabuntur?
946 1573 1064 1613 Licet
1097 1583 1241 1613 autem
1274 1574 1461 1614 sufficiat
1495 1576 1609 1628 apud
1624 1579 1692 1607 The
1724 1584 1902 1607 sacrament

1777 1622 1833 1642 nCe
1853 1622 1879 1641 IS

290 1638 511 1680 Christum
554 1641 712 1695 ubique
753 1652 995 1695 presentem
1035 1645 1254 1695 contricio,
1291 1654 1431 1685 tamen
1474 1615 1898 1686 sacra-n‘}{dpfii¹iatnoug11

194 1711 275 1756 207d
290 1719 483 1750 mentum
507 1709 530 1734 ²³²
552 1712 791 1763 penitencie
817 1722 878 1752 est
901 1714 1023 1752 valde
1056 1715 1356 1764 necessarium,
1391 1717 1487 1756 licet
1525 1731 1609 1756 non
1643 1685 1873 1783 Ψῑῑὶῗξῖῑῖξῑξθη·

291 1781 484 1833 proderit
516 1782 605 1821 sine
632 1782 712 1821 illa.
749 1783 849 1822 Ideo
874 1783 983 1823 foret
1019 1784 1204 1824 stulticia
1237 1786 1505 1826 sacerdotem
1540 1788 1606 1827 cui
1815 1776 1821 1782 ⁶

292 1863 375 1890 non
420 1850 468 1890 fit
513 1851 563 1889 ad
611 1851 691 1890 hoc
736 1853 944 1893 revelacio
990 1853 1174 1894 diffinire
1216 1856 1332 1909 quod
1372 1857 1609 1909 penitencia

292 1921 355 1959 vel
400 1921 514 1960 aliud
559 1931 873 1962 sacramentum
921 1937 1000 1963 suo
1045 1925 1293 1977 suscipienti
1326 1927 1518 1979 proderit
1558 1929 1608 1967 ad

291 1989 484 2030 salutem.
533 1991 600 2031 Sic
650 1992 760 2032 enirn
809 2002 969 2033 vetaret
1015 2005 1060 2033 ut
1109 2009 1186 2048 pro
1236 1996 1434 2037 absoluto
1467 2011 1546 2037 suo
1588 2012 1608 2037 a

235 2061 399 2112 25pena
445 2070 485 2100 et
530 2062 652 2114 culpa
698 2063 738 2102 in
785 2063 932 2104 mortis
979 2065 1158 2105 articulo
1198 2065 1317 2105 fieret
1359 2067 1610 2120 suffragium

293 2131 478 2182 ecclesie,
517 2131 627 2171 sicut
666 2146 750 2172 non
792 2132 972 2174 facimus
1020 2149 1098 2187 pro
1133 2149 1395 2190 quocunque
1436 2146 1609 2178 mortuo

293 2213 420 2253 quern
456 2211 621 2242 constat
654 2204 776 2243 nobis
811 2204 894 2243 iam
929 2218 1017 2244 esse
1054 2207 1241 2248 beatum.
1283 2207 1410 2246 Istam
1445 2217 1610 2248 senten-

294 2271 401 2310 ciam
436 2272 486 2311 de
520 2273 730 2326 suffragiis
767 2284 807 2315 et
839 2276 1120 2329 indulgenciis
1153 2278 1329 2317 dixerim
1354 2279 1405 2317 ad
1430 2278 1610 2318 instruc-

295 2341 460 2381 cionem
501 2342 753 2384 inferiorum
795 2347 980 2399 ecclesie,
1021 2356 1061 2386 et
1101 2348 1415 2400 exposicionem
1451 2362 1611 2388 correc-

237 2411 280 2443 30
297 2411 422 2463 cioni,
458 2414 725 2466 supplecioni
751 2425 790 2455 et
814 2418 1121 2469 approbacioni
1155 2419 1425 2471 superiorum
1459 2432 1609 2458 secun-

297 2480 400 2520 dum
452 2484 617 2535 regulas
678 2486 986 2538 scripturarum
1043 2496 1082 2527 et
1134 2488 1249 2541 leges
1303 2489 1511 2528 humanas
1565 2503 1611 2529 ac

296 2551 461 2590 decreta
496 2562 797 2605 potentatuum
831 2557 993 2609 precise
1027 2558 1078 2596 ad
1113 2566 1282 2597 tanturn
1317 2559 1551 2611 apprecior.

250 2623 280 2657 Z
355 2621 434 2660 Sed
482 2624 533 2662 ad
581 2625 804 2664 materiam
850 2627 900 2665 de
955 2628 1116 2679 peccati
1162 2629 1423 2681 purgacione
1481 2642 1610 2682 quam

297 2691 416 2743 tetigi
450 2693 490 2732 in
525 2695 724 2746 proximo
760 2706 1014 2748 argumento
1048 2698 1219 2737 videtur
1252 2698 1356 2738 mihi
1389 2700 1610 2751 probabile

238 2762 279 2795 35
297 2762 414 2813 quod
461 2764 641 2816 quilibet
688 2766 938 2818 purgandus
983 2774 1070 2806 tam
1117 2768 1188 2806 diu
1224 2768 1352 2807 habet
1384 2778 1608 2820 peccatum

348 2908 388 2937 18.
411 2909 448 2936 ss:
470 2915 572 2938 autem
594 2910 717 2939 afficiat.
861 2911 904 2940 33.
928 2914 966 2941 B:
989 2914 1225 2949 inpurgacione.
