2045 3312
303 273 393 302 cAr.
415 264 527 322 xva]
803 278 862 310 DF,
889 279 1124 311 ECCLESIA.
1835 269 1913 322 339

150 393 184 426 A
211 393 376 436 183³per
417 383 724 437 descripciones
770 397 916 424 eorum
965 398 1173 437 congruas
1219 384 1504 438 exprimenda,
1551 386 1622 424 sed

302 454 446 494 omnia
478 454 763 495 cerimonialia
786 464 825 494 et
847 454 995 507 legalia
1027 455 1176 495 veteris
1209 455 1449 495 testamenti
1484 464 1622 495 essent

301 538 376 577 pro
428 533 620 578 tempore
672 525 775 578 legis
830 525 965 577 gracie
1018 525 1068 565 ab
1122 525 1294 565 ecclesia
1347 526 1621 577 observanda,

300 608 563 648 consequens
617 604 761 635 contra
814 604 979 634 sanctos
1033 596 1226 635 doctores
1288 604 1511 636 tractantes
1570 597 1621 636 de

261 665 537 707 2cessacione
570 665 782 719 legalium.
808 665 859 705 Et
894 674 1104 718 quantum
1136 667 1187 705 ad
1220 666 1539 706 conclusionem
1574 681 1621 706 ex
1647 675 1822 710 Augustino
1843 676 1895 703 did

299 734 551 775 fundacione
574 735 815 789 Augustini,
850 736 1005 776 scilicet
1038 737 1155 789 quod
1189 737 1358 776 ecclesia
1394 737 1472 777 fuit
1504 710 1914 777 2111te-giitui·{1¹lg>‘iisi‹¹2³<i

298 819 426 860 quam
472 805 549 845 fuit
597 805 781 857 ecclesia,
825 814 940 858 patet
985 807 1100 859 quod
1145 806 1219 846 iste
1260 816 1426 847 sanctus
1461 807 1621 847 horruit
1664 780 1895 847 gigofliuitrciiazs

297 876 352 915 sic
386 875 649 929 sophisticari
681 875 723 914 in
756 874 837 915 fide
872 876 922 916 de
955 886 1097 917 sancta
1120 877 1305 929 ecclesia,
1330 891 1405 917 nec
1430 878 1621 932 sequitur

297 960 345 986 ex
369 955 483 987 textu
508 960 598 999 suo,
623 946 687 996 ΙΙΙ,
712 947 773 987 De
797 947 998 987 Doctrina
1022 947 1259 988 Christiana
1276 948 1366 999 V10,
1386 949 1622 1002 supradicta

243 1035 282 1057 10
297 1017 521 1057 sentencia.
562 1018 672 1057 Nam
704 1017 781 1057 iste
815 1027 877 1058 est
908 1027 1045 1058 textus
1078 1018 1328 1072 Augustini:
1368 1019 1452 1068 Qui
1484 1019 1620 1060 credi-

295 1088 454 1127 derunt
497 1101 552 1127 ex
589 1088 744 1142 quibus
779 1088 908 1143 facta
949 1095 1012 1128 est
1046 1089 1196 1142 prima
1241 1090 1418 1130 ecclesia
1451 1088 1620 1130 Jeroso—

296 1158 508 1208 limitnna,
532 1159 638 1199 satis
669 1159 952 1199 ostenderunt
992 1167 1152 1212 quanta
1201 1160 1363 1200 utilitas
1381 1160 1530 1215 fuerit
1573 1174 1620 1201 eo

296 1230 419 1271 modo
452 1230 530 1271 sub
556 1230 792 1284 pedagogo
827 1230 1042 1270 custodiri.
1071 1231 1203 1270 Modo
1232 1245 1321 1271 non
1345 1231 1547 1285 sequitur,
1572 1245 1620 1271 ex

294 1300 372 1339 illis
406 1299 515 1340 facta
546 1310 606 1340 est
637 1300 773 1354 prima
806 1300 978 1340 ecclesia
1011 1300 1363 1352 Jerosolimitana,
1411 1315 1510 1355 ergo
1543 1315 1619 1342 nec

243 1376 388 1410 &ante
446 1370 541 1410 illos
608 1384 683 1410 nec
744 1379 839 1411 ante
905 1370 1246 1411 incarnacionem
1306 1370 1383 1411 fuit
1448 1372 1619 1412 ecclesia

292 1440 641 1492 Jerosolimitana‚
687 1450 726 1481 et
770 1441 907 1481 multo
956 1441 1090 1494 magis
1135 1455 1220 1481 non
1267 1442 1457 1495 sequitur
1501 1443 1617 1497 quod

294 1520 389 1551 ante
421 1511 514 1551 illos
549 1525 632 1551 non
666 1511 744 1552 fuit
777 1511 960 1552 ecclesia.

244 1586 278 1619 B
354 1582 476 1621 Unde
507 1581 642 1636 logice
675 1581 826 1622 dicitur
859 1583 974 1636 quod
1008 1596 1056 1622 ex
1089 1582 1167 1622 illis
1201 1581 1306 1623 facta
1340 1592 1401 1623 est
1434 1584 1616 1637 particu-

292 1651 430 1692 lariter
463 1652 632 1693 ecclesia
656 1652 858 1693 catholica
883 1666 965 1707 que
1000 1652 1077 1693 fuit
1100 1667 1122 1692 a
1154 1653 1362 1707 principio
1395 1653 1544 1693 mundi
1578 1664 1618 1694 et

237 1738 278 1759 20
293 1722 370 1762 fuit
404 1723 603 1763 continue
636 1737 709 1776 per
745 1724 1068 1777 generacionem
1108 1724 1401 1764 membrorum
1440 1738 1617 1765 suorum

293 1807 426 1846 usque
458 1794 509 1833 ad
553 1793 681 1833 finem
714 1794 876 1845 mundi,
923 1804 962 1834 et
994 1793 1098 1834 facta
1139 1804 1198 1834 est
1237 1795 1280 1834 in
1314 1809 1468 1848 magno
1502 1809 1614 1835 anno

294 1863 454 1903 mundi.
501 1864 582 1904 Sed
626 1864 909 1917 pertinencius
954 1864 1091 1904 sensui
1137 1865 1261 1905 huius
1304 1866 1433 1906 sancti
1466 1866 1616 1906 dicitur

293 1934 409 1987 quod
442 1934 619 1974 intendit
652 1949 699 1974 ex
731 1934 809 1973 illis
844 1934 997 1974 factam
1030 1936 1211 1989 primam
1232 1936 1615 1976 „ierosolimitanam

293 2004 586 2057 particularem
642 2005 860 2045 ecclesiam
919 2005 996 2045 sub
1056 2006 1229 2046 nomine
1281 2006 1615 2046 Jerosolimitane

235 2078 274 2110 25
294 2074 477 2126 ecclesie,
511 2074 703 2128 quamvis
728 2084 822 2115 ante
857 2075 978 2116 fuerit
1002 2076 1171 2115 ecclesia
1204 2086 1292 2116 tam
1314 2090 1390 2129 pro
1423 2086 1613 2130 tempore

289 2143 392 2197 legis
415 2144 564 2185 veteris
597 2158 726 2198 quam
760 2159 880 2187 nove.
916 2146 993 2186 Iste
1018 2155 1158 2187 autem
1183 2156 1351 2187 sanctus
1376 2147 1454 2188 fuit
1486 2148 1611 2187 mira-

291 2215 427 2255 biliter
459 2215 620 2256 subtilis
652 2216 828 2269 logicus,
861 2217 1102 2271 relinquens
1136 2218 1256 2257 nobis
1290 2232 1337 2258 ex
1370 2218 1503 2258 verbis
1528 2219 1612 2258 suis

291 2285 451 2325 diversa
498 2295 653 2339 puncta
701 2286 897 2339 logicalia
945 2287 1159 2341 capienda.
1221 2289 1343 2329 Unde
1389 2298 1611 2343 utramque

291 2355 464 2395 istarum
496 2357 821 2409 responsionum
855 2358 1060 2411 approbo,
1095 2372 1193 2398 cum
1226 2359 1372 2399 inutile
1407 2369 1467 2399 est
1500 2360 1610 2399 scole

233 2427 275 2459 30
292 2426 387 2465 dare
440 2427 760 2479 responsionem
805 2441 886 2482 que
932 2442 1018 2468 non
1063 2429 1185 2471 valet.
1240 2430 1293 2469 Et
1338 2429 1612 2470 conformiter

291 2495 440 2536 dicitur
461 2497 513 2536 ad
537 2497 638 2536 illud
662 2498 904 2551 Augustini,
944 2499 956 2538 I
992 2499 1319 2539 Retraccionum
1355 2514 1443 2554 cap.
1474 2500 1607 2551 X1110,

341 2624 364 2648 5.
387 2621 414 2648 6.
437 2621 475 2648 B:
498 2630 534 2649 ex
555 2622 768 2649 fundamento.
882 2630 918 2649 ιο.
951 2622 983 2650 In
1006 2623 1115 2650 codd.:
1138 2624 1305 2652 inutilatas.
1339 2624 1467 2652 Cori-exi
1490 2633 1504 2651 e
1525 2629 1609 2652 textu

288 2669 370 2701 Aug.
392 2669 410 2695 1,
432 2675 457 2695 c.
610 2676 652 2695 22.
676 2672 703 2696 A
724 2670 780 2703 Al:
803 2669 985 2696 huiusmodi
1006 2670 1115 2697 sancti.
1258 2672 1297 2699 31.
1318 2673 1362 2698 A:
1384 2671 1554 2705 Augustini
1581 2672 1605 2699 Η

288 2715 317 2741 in
339 2719 440 2748 textu;
462 2715 493 2742 in
515 2723 632 2750 marg.:
660 2715 794 2742 correxit
816 2715 837 2742 Ι.
859 2715 891 2742 ln
914 2716 1020 2743 codd.:
1047 2724 1113 2750 cap.
1135 2716 1199 2744 XII.
1222 2718 1354 2745 correxi.
1394 2717 1415 2743 Β
1437 2718 1467 2744 in
1490 2725 1605 2752 marg.:

289 2760 465 2789 Christiana
486 2762 595 2797 religio
617 2767 660 2790 est
681 2762 891 2790 securissima.

344 2866 375 2899 9.
403 2859 489 2898 Aug.
518 2858 609 2901 Opp.
638 2865 723 2889 tom.
752 2857 807 2898 111,
835 2868 914 2900 pars
941 2859 963 2899 Ι,
991 2868 1068 2901 pag.
1095 2858 1150 2900 48.
1275 2860 1326 2891 31.
1355 2859 1445 2891 Ibid.
1469 2866 1554 2891 tom.
1584 2860 1607 2900 1,

287 2925 363 2957 pag.
397 2926 445 2958 ¹9·
