2045 3312
92 315 138 353 4¹
155 315 174 340 2
823 311 1050 343 JOHANNIS
1076 310 1271 343 wchF.
1479 294 1586 353 [eff.
1609 306 1706 335 xvu.

380 416 588 455 stolorum
613 416 789 456 concilia
813 425 1039 456 tenuerunt
1062 415 1306 469 primatum,
1345 424 1383 455 et
1406 425 1502 468 post
1527 426 1707 469 quatuor
1728 425 1803 460 185⁶
1821 426 1856 460 P

380 486 557 525 concilia
579 486 839 540 principalia,
873 487 923 526 de
957 486 1110 540 quibus
1148 486 1265 525 XVI³
1298 485 1390 525 dist.
1423 485 1643 534 Omnibus,
1668 495 1707 526 et

380 566 564 610 quatuor
608 556 777 596 fuerunt
820 556 1077 609 sollempnes
1121 555 1257 595 sinodi
1318 554 1381 610 (ut
1432 565 1546 608 patet
1596 556 1705 598 XVI.

381 627 473 666 dist.
513 624 752 679 Omnibus).
802 626 1015 667 Omnibus
1060 635 1203 666 tamen
1248 625 1335 665 istis
1368 626 1448 665 hoc
1488 625 1706 679 imperfec-

382 697 512 737 cionis
546 696 623 737 fuit
656 698 773 750 quod
805 696 1100 750 unusquisque
1140 706 1361 750 tamquam
1406 696 1573 750 ignarus
1607 707 1740 739 con-5

381 768 560 807 sulendo
603 767 782 821 quesivit
826 767 876 807 ab
910 767 1005 806 alio.
1052 768 1149 807 Non
1189 767 1246 806 sic
1278 776 1421 806 autem
1454 766 1496 805 in
1529 766 1707 806 concilio

383 837 567 876 increato
600 851 676 877 nec
710 837 751 876 in
786 837 966 877 concilio
1001 838 1115 890 quod
1151 836 1342 876 Christus
1376 849 1474 876 cum
1506 836 1708 889 apostolis

382 907 624 959 celebravit;
663 908 751 961 ipse
786 908 899 948 enim
938 907 1194 947 omnisciens
1249 921 1335 947 non
1381 907 1592 946 consuluit
1637 920 1708 946 eos

381 978 421 1017 in
456 977 532 1017 sibi
564 978 772 1031 ambiguis
814 979 886 1018 sed
924 991 997 1031 per
1035 991 1076 1017 se
1116 977 1312 1017 diffinivit
1352 986 1391 1017 et
1438 976 1709 1017 auctorizavit

382 1048 484 1102 quid
519 1047 624 1088 foret
658 1048 829 1088 ecclesie
863 1047 1125 1099 faciendum3
1157 1048 1274 1101 quod
1306 1062 1414 1101 pape
1447 1061 1531 1087 non
1568 1056 1708 1101 potest
1729 1068 1767 1090 10

383 1127 634 1171 competere.
675 1119 772 1158 Ideo
808 1118 984 1158 concilia
1023 1118 1232 1171 posterius
1273 1117 1577 1171 solempnizata
1620 1132 1708 1157 non

384 1198 564 1241 possunt
609 1188 685 1228 nisi
726 1188 929 1242 equivoce
977 1189 1055 1228 dici
1090 1188 1270 1228 concilia
1301 1188 1366 1227 vel
1398 1188 1606 1242 generalia
1638 1197 1710 1228 aut

384 1259 560 1310 decreta,
595 1259 702 1299 inter
722 1258 792 1298 illa
824 1268 963 1298 tamen
999 1267 1182 1312 quatuor
1216 1258 1394 1298 concilia
1416 1259 1710 1311 apostolorum

384 1329 689 1369 racionabiliter
720 1329 876 1368 habent
909 1328 1266 1382 preeminenciam
1290 1328 1314 1356 Ψ
1338 1328 1562 1382 dignitatis,
1731 1337 1810 1370 186³

444 1400 524 1439 Sed
562 1399 779 1439 videamus
828 1399 881 1439 fel
927 1399 1207 1438 commixtum
1255 1413 1352 1438 cum
1393 1399 1528 1438 mellis
1570 1399 1762 1449 dulce-Q,

387 1469 498 1509 dine.
534 1470 578 1509 In
612 1479 747 1510 morte
783 1468 957 1524 (inquit)
994 1469 1147 1510 Christi
1182 1469 1291 1522 cepit
1334 1483 1420 1508 esse
1460 1469 1645 1519 ecclesia,
1690 1483 1713 1508 a

387 1553 471 1593 qua
511 1549 648 1580 morte
694 1549 953 1580 sacramenta
992 1549 1266 1593 sumpserunt
1311 1538 1551 1579 efficaciam.
1599 1540 1715 1579 Patet

95 1619 297 1647 Tuisistrue
319 1620 434 1648 butex
473 1609 592 1649 dictis
632 1610 672 1648 in
713 1610 848 1663 prima
882 1610 1155 1663 responsione
1190 1619 1228 1649 et
1263 1610 1445 1649 secunda
1492 1610 1712 1663 quomodo

97 1657 147 1683 the
169 1662 254 1682 error
269 1654 324 1681 lies
340 1654 368 1682 in

115 1689 352 1753 asssslecrtgznhzrtgsst
386 1692 497 1718 error
548 1678 622 1719 iste
680 1680 840 1719 nedum
899 1680 1061 1719 tolleret
1116 1680 1324 1719 honorem
1377 1689 1516 1720 sancte
1570 1679 1713 1719 matris

98 1760 372 1823 dgfflargfactmtpgt.
388 1749 557 1788 ecclesie
582 1763 629 1788 ex
652 1763 727 1789 sua
750 1750 998 1804 antiquitate
1023 1750 1195 1790 fundata
1222 1750 1262 1788 in
1287 1749 1367 1789 fide
1392 1750 1607 1802 scripture,
1642 1750 1713 1789 sed
1730 1771 1772 1792 20

389 1819 526 1859 innuit
567 1819 948 1873 interempcionem
984 1820 1120 1860 meriti
1155 1820 1297 1860 matris
1343 1828 1481 1859 nostre
1527 1829 1564 1859 et
1608 1818 1715 1859 tollit

389 1888 516 1928 fidem
551 1899 719 1942 patrum
750 1891 899 1930 veteris
927 1890 1163 1930 testamenti
1193 1890 1496 1929 dehonorando
1529 1898 1716 1929 sanctam

389 1968 568 1999 matrem
613 1960 841 2000 ecclesiam.
889 1961 990 2000 Item
1035 1960 1254 2000 manifeste
1304 1961 1521 2014 responsio
1575 1960 1715 1999 obviat

390 2029 466 2069 sibi
509 2029 602 2082 ipsi,
642 2030 738 2083 quia
771 2040 866 2071 ante
899 2040 1079 2071 mortem
1115 2030 1269 2071 Christi
1310 2030 1387 2070 fuit
1418 2031 1473 2070 ita
1505 2030 1623 2084 quod
1656 2038 1717 2070 est

391 2100 622 2141 multitudo
671 2101 869 2141 omnium
913 2101 1238 2141 christianorum
1284 2100 1536 2140 habencium
1570 2114 1617 2140 ex
1650 2099 1712 2138 in·
1731 2111 1771 2144 25

391 2181 508 2224 tegro
541 2180 698 2211 rectam
738 2181 778 2211 et
810 2172 987 2211 eandem
1032 2171 1157 2211 fidem
1192 2185 1265 2224 per
1298 2171 1511 2211 Christum
1546 2180 1584 2210 et
1616 2184 1715 2210 suos

393 2241 607 2294 apostolos
640 2242 953 2295 promulgatam
1000 2250 1038 2281 et
1070 2255 1092 2280 a
1125 2241 1276 2281 sanctis
1309 2241 1496 2294 patribus
1540 2241 1581 2279 in
1615 2254 1714 2280 con-

393 2309 495 2351 ciliis
509 2311 771 2364 generalibus
787 2311 1049 2363 declaratam,
1064 2320 1107 2350 ut
1126 2311 1354 2350 declaratur
1370 2310 1411 2350 in
1428 2310 1714 2363 responsione.

131 2389 199 2417 The
221 2389 345 2416 Cluurch
394 2381 492 2420 Ideo
538 2390 633 2421 ante
666 2390 847 2421 mortem
882 2381 1038 2422 Christi
1084 2380 1162 2421 fuit
1194 2381 1248 2420 ita
1289 2382 1404 2434 quod
1438 2390 1497 2420 est
1530 2380 1713 2420 ecclesia.

130 2430 245 2452 cannot
266 2424 343 2451 have

129 2461 230 2522 ¹³55ssss
251 2459 352 2523 hange
394 2452 489 2491 Non
537 2451 649 2490 enim
693 2451 847 2504 incepit
891 2451 1061 2491 ecclesia
1100 2451 1140 2489 in
1175 2451 1327 2501 triduo,
1362 2450 1533 2503 quando
1566 2449 1715 2489 dicitur
1731 2462 1774 2495 30

450 2632 474 2651 2.
507 2624 528 2651 B
564 2625 593 2652 in
628 2631 747 2659 marga
779 2624 922 2659 Quatuor
956 2624 1087 2651 consilia
1120 2623 1336 2658 apostolorum
1370 2626 1397 2649 et
1431 2626 1564 2657 quatuor
1594 2621 1717 2649 fuerunt

398 2671 575 2705 solempnes
611 2670 725 2706 sinodi,
761 2675 794 2697 ut
836 2676 915 2705 patet
958 2670 1039 2699 XVI.
1081 2670 1152 2697 dist.
1195 2669 1362 2697 Omnibus.
1505 2676 1530 2695 2.
1574 2667 1612 2695 ss:
1648 2667 1715 2696 XV.

399 2725 440 2745 10.
479 2717 518 2744 B:
552 2722 651 2752 potest
691 2718 785 2744 deest.
902 2717 939 2745 15.
972 2718 999 2745 A
1027 2719 1055 2745 in
1091 2725 1207 2752 marg:
1242 2715 1359 2744 Contra
1392 2716 1450 2743 hoc
1489 2716 1571 2751 quod
1605 2715 1718 2742 dicitur

397 2765 479 2800 quod
515 2764 642 2792 ecclesia
675 2764 787 2799 incepit
820 2770 888 2799 post
909 2769 1040 2793 mortem
1062 2763 1189 2792 Christi.
1321 2771 1362 2798 ¹¹)-
1384 2762 1422 2789 B:
1445 2762 1594 2790 honorem
1621 2761 1715 2789 deest.

398 2819 443 2838 20.
465 2818 505 2838 21.
525 2812 554 2839 A
574 2812 628 2846 1³2¹:
651 2811 703 2839 sed
726 2811 875 2839 innuitur.

464 2954 492 2974 2.
515 2943 598 2973 Uist.
624 2942 684 2974 XV
712 2942 764 2974 vel
784 2942 874 2973 XVI.
894 2941 1068 2973 Omnibus
1087 2952 1158 2973 non
1180 2948 1279 2973 extat.
1299 2941 1352 2973 Cf.
1371 2951 1426 2983 pp.
1448 2938 1523 2979 388,
1543 2940 1609 2971 and
1639 2938 1714 2982 398.
