2045 3312
266 281 355 310 CAP.
377 271 473 330 xxi]
780 284 840 316 DE
868 282 1102 316 ECCLESIA.
1803 284 1889 324 497

125 403 157 435 E
187 403 404 446 197ssqzcanz
450 391 544 444 quis
590 389 772 429 sustinet
814 389 984 437 invitus,
1029 388 1104 428 sed
1142 387 1402 441 dampnatus
1440 401 1600 441 penam
1643 396 1868 446 φνοιιιηηιη)Ρ

276 461 457 500 sustinet
501 460 667 500 invitus.
709 459 790 499 Sed
821 459 884 498 vir
915 459 1050 499 iustus
1082 459 1124 498 in
1159 472 1257 498 casu
1290 472 1444 512 penam
1476 458 1599 498 susti·
1641 438 1868 518 affiitiiiiiiziss

276 540 347 570 net
378 531 639 571 voluntarius
672 544 750 584 pro
784 530 1029 583 dampnato,
1063 542 1163 582 ergo
1196 528 1257 568 vir
1288 529 1423 569 iustus
1457 542 1601 581 super·
1617 505 1892 587 sgssss‘gfflssffilggffi

277 611 360 640 stes
385 601 479 654 plus
504 600 630 640 solvit
653 601 742 640 Deo
766 614 842 654 pro
867 601 1099 653 dampnato
1126 599 1358 639 voluntarie
1381 598 1601 651 paciendo,
1646 576 1748 637 oattgiiee
1767 582 1858 636 ffigssg

244 684 407 724 5quam
440 672 694 724 dampnatus
728 669 937 710 sufficeret
969 671 1130 710 solvere
1162 683 1238 722 pro
1273 683 1315 709 se
1348 669 1454 722 ipso.
1489 668 1602 721 Ergo
1628 645 1880 706 thanotmheeipsium

277 741 308 779 si
353 741 428 780 Dei
475 741 638 781 iusticie
682 740 943 781 satisfactum
991 749 1051 780 est
1095 754 1171 793 pro
1217 753 1267 779 eo
1313 739 1428 793 quod
1460 737 1603 777 minus

278 811 427 863 placet,
480 811 555 850 Dei
610 811 895 850 misericordia
948 810 1188 864 acquiretur
1251 823 1329 863 pro
1382 822 1432 848 eo
1487 808 1603 861 quod

276 882 407 935 magis
440 882 587 934 placet.
612 881 866 932 Dicendum,
899 881 1050 935 inquit,
1081 881 1193 935 quod
1219 893 1366 920 verum
1400 886 1474 928 est,
1507 891 1603 918 cum

277 953 397 992 Deus
421 959 671 992 remunerat
700 952 839 992 virum
874 952 1031 992 iustum
1065 952 1137 1004 qui
1162 953 1237 1004 pie
1265 958 1304 990 et
1337 950 1603 990 condiciona-

225 1022 376 1066 1oliter
418 1029 515 1062 orat
553 1036 639 1075 pro
684 1022 883 1076 defuncto
927 1022 1172 1075 dampnato.
1219 1022 1300 1062 Sed
1353 1020 1417 1076 (ut
1468 1019 1605 1059 dicam

280 1084 508 1148 posterius)
537 1093 628 1132 talis
662 1102 754 1132 orat
786 1092 948 1132 realiter
979 1106 1056 1145 pro
1090 1105 1132 1131 se
1164 1092 1258 1145 ipso
1291 1101 1331 1132 et
1363 1091 1504 1131 solum
1527 1104 1604 1143 pro

283 1163 518 1216 capacibus,
543 1163 641 1202 Ideo
675 1163 774 1202 dicit
806 1163 968 1214 doctor,
1002 1176 1052 1202 eo
1086 1163 1201 1215 quod
1234 1176 1343 1215 pena
1367 1159 1606 1202 voluntaria

281 1247 366 1273 non
413 1241 553 1287 potest
594 1232 750 1272 assumi
799 1246 874 1272 nec
919 1231 1124 1284 acceptari
1168 1245 1245 1285 pro
1293 1245 1343 1271 eo
1391 1230 1463 1284 qui
1516 1243 1602 1269 non

240 1314 264 1346 5
280 1304 404 1344 habet
427 1303 652 1344 caritatem.
679 1303 842 1352 Quinto
875 1302 1011 1356 arguit
1043 1303 1190 1342 doctor
1219 1302 1296 1342 sic:
1326 1302 1442 1341 Talis
1465 1302 1602 1340 iustus
1624 1311 1649 1338 5.
1672 1310 1743 1338 God
1764 1315 1889 1346 accepts

228 1375 403 1428 15pzcnit
432 1388 477 1415 se
510 1375 726 1414 meritorie
751 1387 836 1426 pro
860 1373 1106 1426 dampnato,
1132 1386 1237 1426 ergo
1261 1373 1382 1412 Deus
1414 1377 1605 1424 acceptat
1626 1346 1676 1374 the
1698 1351 1888 1374 atonement.

281 1446 391 1484 lianc
416 1458 576 1498 penam
611 1457 696 1497 pro
728 1444 813 1483 illo.
850 1444 931 1484 Sed
963 1444 1076 1482 Deus
1117 1456 1205 1482 non
1238 1442 1299 1482 bis
1332 1442 1455 1496 punit
1486 1442 1528 1481 in
1561 1442 1603 1481 id

281 1514 436 1567 ipsum,
470 1528 568 1567 ergo
603 1523 771 1567 oportet
811 1515 929 1568 quod
969 1515 1223 1567 dampnatus
1256 1513 1407 1553 habeat
1439 1512 1602 1566 mitiga·
1645 1522 1853 1584 Tffnswe52·

283 1585 451 1625 cionem
465 1599 585 1638 pene.
618 1585 736 1624 Patet
755 1599 802 1624 ex
828 1583 1143 1638 significacione
1160 1583 1342 1637 proximi
1366 1582 1602 1637 argumenti
1626 1598 1658 1620 to
1681 1561 1896 1629 tiiepffiiiirsssh,

283 1656 398 1709 quod
440 1655 576 1695 iustus
620 1655 743 1708 punit
775 1669 817 1694 se
850 1669 926 1708 pro
960 1654 1112 1694 merito
1147 1668 1225 1694 suo
1275 1663 1400 1708 atque
1434 1653 1604 1693 ecclesie
1667 1629 1843 1691 ”doatnissetciie

227 1744 268 1766 20
284 1735 323 1765 et
355 1739 443 1765 non
475 1739 552 1778 pro
586 1724 821 1765 salvacione
853 1725 944 1764 talis
978 1724 1208 1777 dampnati.

240 1804 272 1836 F
346 1796 427 1835 Sed
476 1795 649 1835 ulterius
695 1795 831 1848 querit
875 1796 1025 1834 doctor
1073 1803 1217 1834 utrum
1268 1793 1340 1833 fiat
1391 1793 1606 1846 mitigacio
1656 1802 1724 1830 The
1746 1803 1857 1851 dpcior

285 1879 391 1918 pene
424 1865 753 1917 dampnatorum
786 1878 833 1903 ex
866 1864 1018 1917 pietate
1050 1863 1334 1904 misericordie
1367 1863 1517 1903 divine.
1555 1865 1607 1904 Et
1645 1838 1870 1907 Οᾶςξξέεἷηὲἶῖξι

254 1935 421 1988 targuit
453 1934 594 1987 primo
629 1935 747 1987 quod
784 1933 841 1973 sic
874 1947 948 1986 per
979 1934 1083 1972 illud
1114 1933 1269 1973 Psalmi
1304 1934 1490 1984 LXXVI,
1538 1944 1605 1974 10:
1631 1908 1884 1971 extzgffinffline

287 2004 507 2057 Numquid
549 2004 818 2043 obliviscetur
869 2004 1066 2043 misereri
1103 2004 1222 2044 Deus
1268 2011 1344 2044 aut
1386 2004 1610 2044 continebit

248 2075 327 2116 2in
361 2075 427 2114 ira
456 2087 536 2114 sua
571 2073 886 2113 misericordias
908 2073 1047 2113 suas?
1067 2074 1260 2114 Secundo
1284 2087 1356 2127 per
1378 2074 1459 2114 hoc
1492 2075 1609 2128 quod

287 2158 464 2198 peccans
510 2143 741 2183 mortaliter
785 2143 959 2183 offendit
991 2143 1132 2183 Deum
1175 2158 1199 2183 a
1243 2157 1329 2198 quo
1375 2155 1435 2184 est
1479 2158 1608 2184 omne

287 2215 466 2266 bonurn,
514 2227 612 2267 ergo
645 2223 828 2254 meretur
876 2213 1066 2254 amittere
1105 2227 1234 2254 omne
1279 2214 1464 2267 bonum3
1510 2229 1608 2255 cum

289 2298 386 2337 ergo
420 2285 534 2324 Deus
578 2297 665 2323 non
706 2283 934 2324 adnichilat
978 2297 1090 2335 eum,
1136 2283 1300 2324 videtur
1345 2285 1463 2338 quod
1494 2285 1608 2325 Deus

249 2354 612 2395 Smisericorditer
644 2354 767 2407 punit
799 2367 910 2394 eum.
966 2353 1118 2393 Tercio
1163 2367 1236 2407 per
1267 2354 1349 2394 hoc
1387 2356 1516 2408 quod,
1558 2369 1608 2395 eo

233 2423 383 2477 Roipso
428 2437 513 2478 quo
559 2424 652 2477 quis
697 2433 841 2477 peccat
884 2423 1059 2463 offendit
1109 2423 1152 2462 in
1198 2424 1405 2476 ordinem,
1452 2434 1491 2465 et
1537 2439 1610 2478 per

291 2507 555 2546 consequens
588 2503 771 2534 meretur
802 2494 944 2534 statim
976 2493 1157 2533 ordinari
1208 2495 1259 2534 ad
1304 2508 1472 2548 penam,
1512 2509 1609 2535 cum

291 2577 389 2616 ergo
422 2564 536 2602 Deus
570 2572 759 2616 expectat
800 2563 887 2603 eius
921 2563 1243 2604 conversionem
1277 2574 1316 2604 et
1349 2578 1436 2604 non
1469 2566 1609 2605 statim

344 2684 365 2703 1.
386 2677 431 2703 A:
453 2677 521 2711 quis
541 2677 625 2704 tinet.
770 2677 797 2703 8.
819 2677 847 2704 A
866 2677 897 2704 in
913 2685 1029 2713 marg:
1051 2677 1235 2713 Responsio.
1381 2678 1422 2706 18.
1444 2678 1484 2706 B:
1506 2680 1611 2713 signa-

293 2723 391 2750 cione.
485 2732 526 2759 ¹9-
547 2725 575 2751 A
596 2724 625 2750 in
647 2731 763 2758 marg-t
785 2723 972 2759 Responsio.
1068 2733 1106 2751 21.
1129 2726 1156 2752 A
1178 2725 1208 2752 in
1230 2732 1347 2760 marg:
1369 2725 1501 2760 Questio
1517 2726 1609 2753 bona.

351 2806 381 2839 8.
409 2809 653 2839 Bonavemura
690 2809 712 2840 l.
739 2819 766 2840 c.
805 2820 882 2851 pag.
926 2820 1023 2841 1021.
1170 2817 1222 2842 21.
1251 2811 1495 2842 Bonaventura
1533 2809 1556 2841 l.
1582 2820 1609 2841 c.

295 2866 348 2897 25.
375 2866 418 2897 Et
436 2867 625 2908 sequencia
646 2866 773 2898 ibidem
795 2868 827 2899 in
846 2868 1001 2898 secunda
1020 2869 1227 2909 quaestione
1243 2870 1359 2910 (pagg.
1386 2879 1483 2908 1021,
1511 2873 1610 2904 1022)

295 2924 434 2954 mutatis
462 2924 595 2966 aliquot
622 2924 736 2956 verbis
762 2925 930 2957 invenies.

1454 2984 1495 3016 32
