2045 3312
308 288 396 317 CAP.
419 278 531 337 xvn]
809 292 867 324 DE
895 291 1132 323 ECCLESIA.
1837 278 1917 330 399

152 410 188 443 G
211 407 289 451 184¹³
303 407 548 451 arguentem
601 398 665 437 vel
715 397 1045 450 respondentem
1102 409 1174 449 per
1230 396 1377 435 locum
1433 409 1456 434 a
1501 395 1625 435 simili

303 469 450 508 docere
489 466 791 508 sufficienciam
838 466 1123 507 similitudinis
1157 476 1365 520 quantum
1398 466 1544 506 attinet
1576 467 1628 506 ad

303 538 588 591 propositum.

263 620 288 652 2
362 609 556 648 Secundo
590 609 825 648 notandum
859 608 976 661 quod
1002 607 1196 647 Christus
1229 616 1289 647 est
1319 607 1445 646 simul
1469 616 1629 646 creator
1643 612 1752 674 Rssticbff
1766 611 1921 675 ἒὲἓζεῐὶῑῐὲἒ

272 688 344 723 §et
394 689 592 730 creatura,
644 693 719 719 nec
771 688 914 732 posset
965 691 1052 717 esse
1103 678 1179 717 ista
1227 677 1304 716 nisi
1353 686 1459 717 esset
1504 676 1629 716 simul
1740 683 1825 710 hold·

306 750 483 789 duarum
518 759 763 789 naturarum
805 758 996 802 utraque,
1042 748 1097 787 sic
1131 748 1249 801 quod
1288 748 1522 787 secundum
1557 761 1628 786 na-

306 830 443 859 turam
477 819 662 859 divinam
697 829 756 859 est
790 828 952 859 creator
983 828 1021 859 et
1055 819 1290 858 secundum
1321 817 1630 858 humanitatem

306 899 366 929 est
410 900 612 942 creatura3
655 890 1031 944 correspondenter
1063 890 1113 929 ad
1146 888 1433 943 propositum,
1479 887 1509 927 si
1543 887 1631 940 ipse

307 960 431 1000 simul
456 969 562 1001 esset
585 960 776 1000 Christus
811 969 850 1000 et
881 959 1146 1012 christianus,
1170 969 1269 999 tunc
1294 968 1430 999 essent
1454 959 1534 997 due
1558 971 1629 996 na-

253 1040 411 1081 101ure,
447 1032 682 1071 secundum
715 1045 898 1085 quarum
932 1045 1062 1070 unam
1095 1040 1201 1070 esset
1225 1030 1386 1070 Cristus
1411 1038 1450 1068 et
1482 1042 1630 1067 secun-

308 1102 410 1141 dum
433 1101 558 1141 aliam
582 1101 844 1153 christianus,
879 1103 949 1141 sed
973 1115 1048 1141 nec
1082 1101 1316 1141 secundum
1340 1100 1538 1139 deitatem
1572 1107 1632 1138 est

309 1171 500 1211 Christus
533 1186 627 1225 pars
660 1172 851 1221 ecclesie3
885 1185 983 1211 cum
1016 1171 1252 1211 secundum
1284 1171 1401 1210 illam
1434 1183 1519 1209 non
1554 1183 1630 1222 po-

308 1251 385 1282 test
433 1242 664 1295 parcialiter
702 1242 932 1296 quicquam
976 1255 1249 1295 componere,
1290 1255 1364 1281 nec
1398 1241 1632 1280 secundum

310 1312 618 1352 humanitatem
651 1322 710 1352 est
744 1312 832 1365 ipse
867 1312 1114 1352 christianus
1160 1313 1231 1351 sed
1277 1320 1402 1364 caput
1436 1310 1633 1350 omnium

254 1393 290 1425 15
309 1382 634 1422 christianorum
658 1383 820 1422 dicente
843 1383 1086 1436 Augustino
1121 1395 1245 1435 super
1265 1381 1515 1431 Johaniiem,
1540 1380 1631 1420 Ser-

308 1467 436 1492 mone
461 1452 669 1504 CXX1110‚
705 1454 821 1505 quod
855 1466 979 1506 super
1012 1463 1173 1506 petram
1206 1466 1288 1506 que
1327 1461 1412 1491 erat
1440 1450 1632 1491 Christus

309 1522 481 1562 fundata
514 1532 575 1563 est
608 1523 799 1574 ecclesia;
833 1538 853 1562 a
879 1537 961 1577 qua
983 1533 1100 1576 petra
1122 1524 1269 1562 Petrus
1293 1522 1477 1576 figurans
1501 1521 1633 1560 eccle-

309 1593 414 1632 siam
458 1607 617 1632 nomen
663 1594 840 1647 accepit:
898 1594 992 1633 Non
1028 1594 1139 1634 enim
1173 1607 1198 1632 α
1232 1593 1355 1633 Petro
1390 1599 1516 1645 petra
1561 1590 1634 1631 sed

309 1664 459 1704 Petrus
491 1678 516 1703 α
542 1671 685 1717 petra,
718 1666 828 1705 sicut
872 1678 954 1704 non
995 1665 1192 1704 Christus
1237 1678 1262 1703 a
1296 1664 1530 1703 christiano
1563 1661 1637 1702 sed

255 1754 295 1775 20
310 1734 568 1774 christianus
599 1749 625 1774 a
662 1735 832 1775 Clu-isto
870 1742 1058 1775 vocatur.
1107 1735 1188 1775 Sed
1220 1735 1354 1774 modo
1401 1734 1636 1773 secundum

310 1803 432 1843 istam
482 1804 676 1845 ficticiam
727 1820 750 1845 a
793 1806 1017 1846 christiano
1069 1816 1109 1846 et
1154 1807 1278 1845 Petro
1331 1818 1435 1857 eque
1487 1803 1637 1843 dicitur

313 1873 518 1926 Christus,
563 1874 669 1914 sicut
714 1885 898 1927 econtra,
933 1890 1030 1915 cum
1062 1876 1237 1916 verbum
1271 1875 1346 1915 Dei
1391 1874 1443 1914 sit
1475 1873 1635 1913 christi-

271 1955 296 1987 3
313 1957 430 1996 anuS,
455 1954 501 1984 ut
521 1944 620 1985 false
642 1944 825 1999 fingitur.
850 1946 1033 1986 Ulterius
1050 1947 1281 1986 declaratur
1302 1954 1387 1985 tam
1405 1960 1477 1999 per
1497 1959 1635 2000 gram-

314 2014 493 2054 maticos
527 2029 656 2068 quam
689 2016 887 2056 doctores
921 2030 968 2056 ex
1001 2016 1249 2056 testimonio
1283 2016 1485 2070 scripture
1519 2017 1637 2069 quod

259 2095 297 2127 25
315 2085 437 2124 multi
473 2095 587 2125 erant
621 2085 774 2126 Christi
807 2087 850 2125 in
894 2086 1020 2126 veteri
1061 2095 1329 2138 testamento,
1379 2087 1475 2140 quia
1508 2099 1637 2139 reges,

315 2156 550 2196 sacerdotes
584 2165 623 2196 et
656 2157 861 2210 prophete
891 2157 961 2211 qui
996 2157 1185 2197 crismate
1219 2166 1335 2196 erant
1368 2156 1496 2197 uncti.
1531 2156 1639 2196 Illud

314 2233 455 2264 autem
471 2236 678 2278 gratanter
693 2236 866 2280 accepto
889 2241 985 2267 cum
1010 2227 1335 2267 modificacione
1364 2237 1505 2267 tamen
1521 2227 1639 2280 quod

315 2294 569 2349 intelligatur
601 2298 651 2336 de
684 2297 891 2338 unccione
925 2298 1129 2351 spirituali
1163 2312 1247 2351 qua
1279 2298 1421 2338 anima
1468 2297 1640 2350 ungitur

315 2365 454 2417 gracia
486 2367 883 2419 predestinacioni83
918 2369 1061 2408 solum
1084 2368 1197 2408 enim
1220 2369 1459 2408 membrum
1484 2367 1639 2408 Christi

260 2435 485 2477 30unitum
530 2437 665 2490 gracia
711 2439 1086 2491 predestinacionis
1129 2449 1168 2479 et
1217 2453 1343 2478 omne
1391 2437 1639 2478 huiusmodi

317 2515 378 2546 est
410 2507 579 2560 proprie
612 2508 873 2549 christianus.
937 2510 1036 2549 Non
1070 2509 1183 2549 enim
1216 2509 1367 2550 unccio
1412 2508 1640 2561 corporalis

371 2662 391 2682 1.
412 2661 438 2683 2.
458 2654 500 2682 B:
521 2655 616 2683 simili
637 2655 749 2683 dicere.
859 2663 897 2683 12.
927 2657 970 2684 B:
993 2656 1137 2685 Christus
1158 2658 1204 2685 vel
1226 2665 1306 2692 pars.
1337 2657 1375 2686 B:
1402 2662 1433 2685 ut
1454 2657 1637 2684 secundum.

318 2700 355 2728 15.
385 2703 411 2728 A
431 2702 461 2729 in
484 2710 600 2737 marg:
621 2703 837 2737 Augustinus3
865 2703 895 2730 in
916 2703 1009 2731 codd.
1030 2711 1125 2731 serm.
1147 2703 1272 2732 CXXIII
1294 2709 1374 2731 recte
1394 2702 1534 2732 CCLXX
1553 2703 1640 2738 (alias

318 2747 399 2782 XIII)
420 2748 489 2776 vide
511 2749 592 2784 Opp.
614 2755 678 2777 tom
709 2749 747 2784 V,
780 2758 851 2785 pars
871 2749 894 2786 1,
928 2757 997 2785 pag.
1018 2749 1078 2783 415.
1223 2759 1270 2785 24.
1302 2751 1321 2778 Β
1352 2751 1381 2779 in
1408 2759 1526 2786 marg:
1560 2751 1640 2778 Nota

319 2795 400 2829 quod
423 2796 525 2822 solum
547 2797 776 2831 predestinatus
797 2802 842 2824 est
871 2797 996 2833 proprie
1017 2797 1214 2825 christianus
1359 2798 1404 2825 26.
1427 2797 1449 2824 B
1471 2798 1500 2825 in
1523 2805 1639 2832 marg:

319 2840 399 2868 Nota
420 2842 546 2877 proprie
566 2843 764 2871 christianus.
908 2852 949 2878 27.
974 2843 1012 2871 B:
1035 2844 1271 2872 modificacione
1292 2844 1386 2872 deest.
1532 2851 1577 2880 27.
1599 2843 1639 2870 B:

320 2891 423 2915 tamen
451 2889 544 2917 deest.
654 2890 692 2919 31.
721 2892 750 2918 A
776 2892 807 2919 in
830 2898 947 2925 marg:
980 2891 1062 2920 Nota
1089 2891 1173 2927 quod
1204 2892 1306 2919 solum
1336 2891 1564 2927 predestinatus
1596 2895 1642 2918 est

320 2935 446 2970 proprie
466 2936 664 2965 christianus.
