2045 3312
129 273 209 313 336
850 281 1075 314 JOHANle
1104 281 1300 314 chtlr.
1542 269 1649 327 [eff.
1671 278 1739 307 xv.

166 408 202 427 or
221 401 285 427 mat
305 398 355 426 the
476 388 562 427 Nec
594 388 704 427 valet
748 388 882 427 dicere
915 387 1031 440 quod
1070 387 1273 426 merendo
1317 387 1446 426 talem
1477 388 1887 442 ablacionem175‘¹F

131 435 396 510 ειῗῖἒζυῗιῗῗγω
416 457 549 497 homo
582 457 734 498 desinit
773 472 860 498 esse
892 458 1039 508 clerus,
1082 466 1174 497 tum
1220 456 1319 509 quia
1363 456 1444 497 hoc
1488 467 1549 498 est
1596 468 1741 498 contra

155 506 368 576 ptiriiseiissgfit.
417 527 599 581 primam
632 527 994 581 supposicionem,
1033 541 1132 567 cum
1164 536 1346 567 caracter
1378 528 1535 567 ordinis
1579 529 1630 568 sit
1677 529 1738 568 in-

417 597 617 649 delebilis,
650 606 742 637 tum
776 597 874 650 quia
905 599 962 637 sic
995 597 1117 651 pauci
1149 598 1214 637 vel
1258 597 1362 637 nulli
1395 597 1529 638 clerici
1574 612 1739 652 posses-

416 667 567 707 sionati
612 668 812 707 docerent
856 667 1042 721 legitime
1087 668 1201 721 quod
1247 668 1477 720 gauderent
1520 668 1773 722 privilegio5

415 737 481 776 vel
514 737 779 790 possessione
812 752 860 777 ex
892 737 1017 778 titulo
1050 737 1280 789 clericatus,
1326 738 1444 791 quod
1488 738 1613 777 nimis
1647 752 1739 790 pre-

415 807 615 847 iudicaret
647 807 784 846 ordini
818 817 975 848 nostro.
1016 808 1102 848 Nec
1136 817 1195 847 est
1230 807 1334 847 mihi
1366 807 1590 848 verisimile
1623 809 1739 861 quod

415 878 563 917 doctor
595 878 718 917 stabit
750 878 790 916 in
831 878 926 930 isto,
972 892 1070 918 cum
1104 878 1322 918 conclusio
1368 892 1442 918 sua
1473 878 1597 918 tercia
1643 878 1740 918 dicit

415 949 530 1000 quod
566 948 669 987 nulli
703 961 819 1000 reges
850 948 1003 1000 Anglie
1034 948 1284 1001 temporalia
1328 963 1350 987 a
1383 948 1493 988 clero
1537 963 1615 988 suo
1661 962 1738 987 un-

415 1031 542 1071 quam
578 1018 760 1071 legitime
793 1018 1070 1069 abstulerunt,
1116 1028 1155 1058 et
1201 1032 1298 1058 cum
1331 1019 1480 1072 aliquis
1529 1034 1575 1058 ex
1608 1019 1738 1058 dubio
1760 1042 1798 1063 ,ο

415 1088 492 1128 fuit
524 1101 600 1141 pro
632 1088 774 1142 aliquo
807 1098 997 1142 tempore
1028 1088 1162 1128 fidelis
1197 1088 1367 1128 clericus
1399 1089 1504 1142 regis
1537 1099 1577 1129 et
1598 1098 1738 1129 tamen

415 1168 560 1211 postea
593 1159 788 1199 decidens
817 1174 840 1198 a
873 1160 1067 1199 clericatu
1092 1159 1309 1199 meritorio
1343 1168 1382 1199 et
1404 1159 1601 1199 fidelitate
1634 1160 1740 1213 regis

415 1230 567 1269 meruit
599 1239 697 1283 post
729 1240 775 1269 ut
806 1245 879 1283 per
911 1245 1051 1284 regem
1085 1245 1158 1270 sua
1190 1231 1439 1283 temporalia
1486 1229 1738 1270 auferantur.

415 1300 481 1339 Sic
505 1301 615 1339 enim
642 1300 720 1340 fuit
745 1301 796 1340 de
818 1301 1007 1340 Scarioth
1033 1302 1175 1355 quoad
1199 1300 1417 1340 Christum
1446 1310 1485 1340 et
1508 1300 1564 1339 sic
1588 1309 1738 1340 notum

415 1380 476 1410 est
509 1372 719 1424 quosdam
752 1371 922 1411 clericos
955 1372 1207 1425 alienigenas
1241 1380 1462 1424 promotos
1502 1370 1544 1409 in
1587 1370 1795 1423 Anglia15

415 1441 665 1480 coniunctos
698 1455 795 1481 cum
828 1441 1020 1481 hostibus
1054 1452 1150 1494 post
1171 1455 1312 1495 regem
1336 1441 1488 1494 Anglie
1521 1439 1735 1480 defidasse.

473 1513 533 1551 Ex
567 1512 653 1551 istis
686 1513 872 1551 secundo
912 1512 1101 1564 arguitur
1145 1512 1260 1565 quod
1293 1512 1451 1551 nedum
1483 1511 1623 1563 potuit
1666 1511 1737 1549 sed

414 1581 553 1621 decuit
586 1595 684 1620 eum
708 1582 766 1621 sic
790 1582 954 1621 dotasse
979 1582 1209 1633 ecclesiam,
1244 1590 1289 1621 ut
1320 1581 1431 1620 licite
1464 1590 1607 1634 posset
1639 1581 1735 1619 sub-

416 1651 575 1691 trahere
609 1651 860 1691 elemosinas
900 1666 995 1691 suas
1040 1653 1081 1690 in
1115 1666 1212 1691 casu
1258 1666 1345 1704 quo
1389 1665 1533 1690 earum
1581 1652 1737 1690 abusus

413 1731 555 1775 vergat
588 1723 639 1760 ad
672 1722 975 1762 detrimentum
1014 1722 1127 1775 regni
1174 1731 1212 1761 et
1245 1721 1579 1761 subtraccionem
1612 1735 1734 1760 evan-
1754 1742 1794 1763 20

414 1793 530 1845 gelii;
569 1801 608 1831 et
642 1792 797 1832 scimus
830 1806 907 1845 pro
939 1802 1131 1845 tempore
1165 1801 1393 1845 antequam
1428 1792 1619 1831 Britones
1641 1790 1667 1818 ²³³
1699 1800 1835 1845 et176²=

414 1863 599 1901 Saxones
644 1863 843 1902 dotarunt
887 1862 1103 1902 ecclesiam
1158 1862 1223 1900 vel
1269 1862 1381 1901 enim
1433 1862 1510 1901 fuit
1565 1861 1736 1901 ecclesia

414 1942 557 1972 nostra
589 1933 746 1987 dotata,
790 1942 829 1973 et
860 1932 1027 1972 interim
1059 1941 1250 1985 tempore
1282 1932 1497 1972 Saxonum
1531 1941 1626 1971 ante
1664 1932 1735 1971 ad—

413 2012 588 2042 ventum
622 2003 849 2055 Augustini
884 2002 961 2042 fuit
993 2002 1094 2042 fides
1129 2002 1283 2042 Christi
1327 2001 1549 2041 infideliter
1581 2011 1734 2055 preter-

131 2084 236 2113 These
257 2086 385 2113 endow-
413 2073 554 2124 missa,
593 2082 692 2112 tunc
741 2073 805 2113 isti
839 2073 1048 2126 principes
1093 2072 1233 2126 primo
1281 2073 1473 2112 dotantes
1519 2072 1735 2112 ecclesiam
1754 2083 1792 2114 25

125 2126 398 2183 ῆι-ᾞθὲξὲἶαῗῖιΐῗιαῑ
413 2152 600 2182 nostram
635 2157 721 2182 non
756 2152 871 2183 erant
894 2142 999 2182 moti
1024 2142 1098 2181 nisi
1126 2142 1249 2182 titulo
1272 2142 1555 2182 misericordie
1579 2143 1735 2181 donare

134 2192 382 2260 tnglffigfflffissffl
414 2215 508 2266 plus
541 2213 603 2253 vel
628 2213 769 2253 minus
793 2223 932 2253 nostre
963 2213 1131 2253 ecclesie
1166 2222 1211 2252 ut
1241 2226 1315 2252 nec
1345 2226 1470 2252 cesar.
1502 2213 1736 2251 Potuerunt

413 2298 513 2336 ergo
546 2283 708 2323 dedisse
746 2284 856 2323 clero
890 2292 1035 2323 nostro
1076 2292 1283 2336 quantum
1329 2282 1599 2330 decreverint,
1647 2281 1732 2321 adi-

414 2354 562 2393 ciendo
596 2368 897 2407 quamcunque
931 2353 1224 2394 condicionem
1258 2353 1481 2393 honestam
1511 2351 1734 2402 voluerint,

413 2425 484 2463 sed
517 2433 742 2477 potuerant
788 2438 886 2464 cum
919 2424 1154 2464 donacione
1200 2437 1275 2463 sua
1307 2423 1493 2476 primeva
1538 2422 1734 2461 adiecisse
1750 2434 1791 2466 30

413 2494 709 2534 condicionem
753 2494 976 2535 honestam
1022 2495 1138 2548 quod
1186 2493 1461 2534 elemosinarii
1503 2506 1587 2531 non
1634 2505 1732 2531 con-

464 2664 484 2683 1.
506 2657 533 2684 A
555 2656 584 2683 in
607 2664 722 2690 marga
743 2655 855 2683 Ficcio.
972 2664 1010 2691 ¹7-
1033 2656 1060 2682 A
1082 2655 1109 2682 in
1132 2663 1249 2689 marga
1270 2654 1412 2681 Secunda
1435 2655 1527 2681 racio.
1640 2661 1678 2680 21.
1700 2654 1732 2679 ln

411 2704 490 2731 codd
513 2712 520 2729 τ
562 2703 671 2730 simus.
825 2711 870 2733 121).
902 2703 946 2730 A:
987 2702 1151 2730 adiciendo
1187 2706 1478 2737 quantumcunque:
1519 2700 1672 2728 voluerint
1701 2715 1734 2720 -—

413 2751 573 2778 honestam
596 2750 692 2777 deest.

477 2881 526 2912 17-
554 2870 682 2912 Comp.
704 2869 789 2909 llus,
819 2869 867 2900 De
895 2869 1075 2901 ablacione
1095 2868 1271 2900 bonorum
1293 2867 1541 2910 temporalium
1569 2868 1590 2900 1.
1618 2877 1645 2898 c.
1674 2867 1733 2898 sol.

412 2926 558 2960 CXXIV:
