<?xml version="1.0" encoding="UTF-8"?>
<!DOCTYPE html PUBLIC "-//W3C//DTD XHTML 1.0 Transitional//EN"
    "http://www.w3.org/TR/xhtml1/DTD/xhtml1-transitional.dtd">
<html xmlns="http://www.w3.org/1999/xhtml" xml:lang="en" lang="en">
 <head>
  <title>
</title>
<meta http-equiv="Content-Type" content="text/html;charset=utf-8" />
  <meta name='ocr-system' content='tesseract 3.04.00' />
  <meta name='ocr-capabilities' content='ocr_page ocr_carea ocr_par ocr_line ocrx_word'/>
</head>
<body>
  <div class='ocr_page' id='page_1' title='image "./iohanniswycliftr04wycl_0054.png"; bbox 0 0 2045 3312; ppageno 0'>
   <div class='ocr_carea' id='block_1_1' title="bbox 122 267 1728 326">
    <p class='ocr_par' dir='ltr' id='par_1_1' title="bbox 122 267 1728 326">
     <span class='ocr_line' id='line_1_1' title="bbox 122 267 1728 326; baseline -0.007 -8"><span class='ocrx_word' id='word_1_1' title='bbox 122 275 168 311; x_wconf 82' lang='lat'>16</span> <span class='ocrx_word' id='word_1_2' title='bbox 831 281 1056 313; x_wconf 75' lang='lat' dir='ltr'>JOHANle</span> <span class='ocrx_word' id='word_1_3' title='bbox 1082 282 1279 314; x_wconf 79' lang='lat' dir='ltr'>WYCLIF.</span> <span class='ocrx_word' id='word_1_4' title='bbox 1577 267 1682 326; x_wconf 81' lang='lat' dir='ltr'>[CAP.</span> <span class='ocrx_word' id='word_1_5' title='bbox 1706 280 1728 307; x_wconf 83' lang='lat'>1.</span> 
     </span>
    </p>
   </div>
   <div class='ocr_carea' id='block_1_2' title="bbox 117 384 1889 2758">
    <p class='ocr_par' dir='ltr' id='par_1_2' title="bbox 406 384 1889 1636">
     <span class='ocr_line' id='line_1_2' title="bbox 407 384 1889 441; baseline 0.002 -18"><span class='ocrx_word' id='word_1_6' title='bbox 407 384 477 424; x_wconf 87' lang='lat' dir='ltr'>nbi</span> <span class='ocrx_word' id='word_1_7' title='bbox 524 384 658 424; x_wconf 88' lang='lat' dir='ltr'>homo</span> <span class='ocrx_word' id='word_1_8' title='bbox 703 385 888 426; x_wconf 84' lang='lat' dir='ltr'>nascitur</span> <span class='ocrx_word' id='word_1_9' title='bbox 933 400 978 425; x_wconf 85' lang='lat' dir='ltr'>ex</span> <span class='ocrx_word' id='word_1_10' title='bbox 1025 396 1143 427; x_wconf 89' lang='lat' dir='ltr'>utero</span> <span class='ocrx_word' id='word_1_11' title='bbox 1190 396 1229 427; x_wconf 90' lang='lat' dir='ltr'>et</span> <span class='ocrx_word' id='word_1_12' title='bbox 1267 387 1498 441; x_wconf 83' lang='lat' dir='ltr'>triumphat</span> <span class='ocrx_word' id='word_1_13' title='bbox 1537 387 1889 441; x_wconf 65' lang='lat' dir='ltr'>gloriose,130nM</span> 
     </span>
     <span class='ocr_line' id='line_1_3' title="bbox 407 455 1735 512; baseline 0.002 -18"><span class='ocrx_word' id='word_1_14' title='bbox 407 468 566 494; x_wconf 90' lang='lat' dir='ltr'>nomen</span> <span class='ocrx_word' id='word_1_15' title='bbox 588 455 739 495; x_wconf 82' lang='lat' dir='ltr'>abhinc</span> <span class='ocrx_word' id='word_1_16' title='bbox 763 456 984 497; x_wconf 86' lang='lat' dir='ltr'>contrahit.</span> <span class='ocrx_word' id='word_1_17' title='bbox 1019 457 1133 497; x_wconf 91' lang='lat' dir='ltr'>Cum</span> <span class='ocrx_word' id='word_1_18' title='bbox 1166 471 1264 512; x_wconf 82' lang='lat' dir='ltr'>ergo</span> <span class='ocrx_word' id='word_1_19' title='bbox 1287 472 1467 512; x_wconf 87' lang='lat' dir='ltr'>persona</span> <span class='ocrx_word' id='word_1_20' title='bbox 1490 457 1735 498; x_wconf 79' lang='lat' dir='ltr'>universalis</span> 
     </span>
     <span class='ocr_line' id='line_1_4' title="bbox 407 525 1734 581; baseline 0.002 -15"><span class='ocrx_word' id='word_1_21' title='bbox 407 525 578 566; x_wconf 81' lang='lat' dir='ltr'>ecclesie</span> <span class='ocrx_word' id='word_1_22' title='bbox 617 527 853 566; x_wconf 87' lang='lat' dir='ltr'>secundum</span> <span class='ocrx_word' id='word_1_23' title='bbox 891 526 1046 567; x_wconf 86' lang='lat' dir='ltr'>multas</span> <span class='ocrx_word' id='word_1_24' title='bbox 1086 536 1223 581; x_wconf 86' lang='lat' dir='ltr'>partes</span> <span class='ocrx_word' id='word_1_25' title='bbox 1256 542 1350 568; x_wconf 88' lang='lat' dir='ltr'>suas</span> <span class='ocrx_word' id='word_1_26' title='bbox 1384 528 1438 568; x_wconf 93' lang='lat' dir='ltr'>ibi</span> <span class='ocrx_word' id='word_1_27' title='bbox 1473 530 1734 580; x_wconf 86' lang='lat' dir='ltr'>nascebatur,</span> 
     </span>
     <span class='ocr_line' id='line_1_5' title="bbox 407 598 1733 653; baseline 0.002 -17"><span class='ocrx_word' id='word_1_28' title='bbox 407 605 619 651; x_wconf 85' lang='lat' dir='ltr'>segregata</span> <span class='ocrx_word' id='word_1_29' title='bbox 644 611 692 636; x_wconf 83' lang='lat' dir='ltr'>ex</span> <span class='ocrx_word' id='word_1_30' title='bbox 714 607 834 638; x_wconf 90' lang='lat' dir='ltr'>utero</span> <span class='ocrx_word' id='word_1_31' title='bbox 857 612 1086 652; x_wconf 81' lang='lat' dir='ltr'>synagoge,</span> <span class='ocrx_word' id='word_1_32' title='bbox 1110 608 1150 638; x_wconf 89' lang='lat' dir='ltr'>et</span> <span class='ocrx_word' id='word_1_33' title='bbox 1170 598 1226 638; x_wconf 92' lang='lat' dir='ltr'>ibi</span> <span class='ocrx_word' id='word_1_34' title='bbox 1249 599 1525 653; x_wconf 82' lang='lat' dir='ltr'>triumphavit</span> <span class='ocrx_word' id='word_1_35' title='bbox 1548 612 1733 640; x_wconf 87' lang='lat' dir='ltr'>crescens</span> 
     </span>
     <span class='ocr_line' id='line_1_6' title="bbox 407 667 1769 724; baseline 0.005 -19"><span class='ocrx_word' id='word_1_36' title='bbox 407 667 449 706; x_wconf 91' lang='lat' dir='ltr'>in</span> <span class='ocrx_word' id='word_1_37' title='bbox 480 668 695 721; x_wconf 87' lang='lat' dir='ltr'>gentibus:</span> <span class='ocrx_word' id='word_1_38' title='bbox 729 668 825 708; x_wconf 90' lang='lat' dir='ltr'>ideo</span> <span class='ocrx_word' id='word_1_39' title='bbox 859 668 938 709; x_wconf 91' lang='lat' dir='ltr'>fuit</span> <span class='ocrx_word' id='word_1_40' title='bbox 970 682 1212 708; x_wconf 91' lang='lat' dir='ltr'>consonum</span> <span class='ocrx_word' id='word_1_41' title='bbox 1245 670 1361 723; x_wconf 86' lang='lat' dir='ltr'>quod</span> <span class='ocrx_word' id='word_1_42' title='bbox 1389 679 1554 724; x_wconf 86' lang='lat' dir='ltr'>caperet</span> <span class='ocrx_word' id='word_1_43' title='bbox 1576 679 1769 712; x_wconf 78' lang='lat' dir='ltr'>nomen5</span> 
     </span>
     <span class='ocr_line' id='line_1_7' title="bbox 406 737 1776 793; baseline 0.001 -16"><span class='ocrx_word' id='word_1_44' title='bbox 406 751 430 776; x_wconf 87' lang='lat' dir='ltr'>a</span> <span class='ocrx_word' id='word_1_45' title='bbox 462 737 627 778; x_wconf 82' lang='lat' dir='ltr'>civitate</span> <span class='ocrx_word' id='word_1_46' title='bbox 670 738 896 792; x_wconf 91' lang='lat' dir='ltr'>metropoli</span> <span class='ocrx_word' id='word_1_47' title='bbox 942 738 1139 792; x_wconf 85' lang='lat' dir='ltr'>gencium</span> <span class='ocrx_word' id='word_1_48' title='bbox 1184 753 1266 793; x_wconf 87' lang='lat' dir='ltr'>que</span> <span class='ocrx_word' id='word_1_49' title='bbox 1299 748 1359 779; x_wconf 87' lang='lat' dir='ltr'>est</span> <span class='ocrx_word' id='word_1_50' title='bbox 1390 741 1540 780; x_wconf 83' lang='lat' dir='ltr'>Roma.</span> <span class='ocrx_word' id='word_1_51' title='bbox 1587 739 1776 783; x_wconf 62' lang='lat' dir='ltr'>Terei-213</span> 
     </span>
     <span class='ocr_line' id='line_1_8' title="bbox 408 809 1735 864; baseline 0.001 -17"><span class='ocrx_word' id='word_1_52' title='bbox 408 820 532 847; x_wconf 85' lang='lat' dir='ltr'>causa</span> <span class='ocrx_word' id='word_1_53' title='bbox 571 817 643 860; x_wconf 83' lang='lat' dir='ltr'>est,</span> <span class='ocrx_word' id='word_1_54' title='bbox 689 817 734 848; x_wconf 92' lang='lat' dir='ltr'>ut</span> <span class='ocrx_word' id='word_1_55' title='bbox 766 817 937 848; x_wconf 88' lang='lat' dir='ltr'>notetur</span> <span class='ocrx_word' id='word_1_56' title='bbox 969 810 1086 863; x_wconf 84' lang='lat' dir='ltr'>quod</span> <span class='ocrx_word' id='word_1_57' title='bbox 1118 823 1206 849; x_wconf 90' lang='lat' dir='ltr'>non</span> <span class='ocrx_word' id='word_1_58' title='bbox 1237 809 1356 851; x_wconf 90' lang='lat' dir='ltr'>locus</span> <span class='ocrx_word' id='word_1_59' title='bbox 1389 811 1473 851; x_wconf 86' lang='lat' dir='ltr'>sive</span> <span class='ocrx_word' id='word_1_60' title='bbox 1505 810 1735 864; x_wconf 82' lang='lat' dir='ltr'>antiquitas</span> 
     </span>
     <span class='ocr_line' id='line_1_9' title="bbox 411 877 1736 934; baseline 0.001 -17"><span class='ocrx_word' id='word_1_61' title='bbox 411 878 484 916; x_wconf 86' lang='lat' dir='ltr'>sed</span> <span class='ocrx_word' id='word_1_62' title='bbox 516 877 618 918; x_wconf 89' lang='lat' dir='ltr'>fides</span> <span class='ocrx_word' id='word_1_63' title='bbox 642 878 823 919; x_wconf 86' lang='lat' dir='ltr'>formata</span> <span class='ocrx_word' id='word_1_64' title='bbox 846 879 994 919; x_wconf 87' lang='lat' dir='ltr'>fundet</span> <span class='ocrx_word' id='word_1_65' title='bbox 1019 879 1172 920; x_wconf 89' lang='lat' dir='ltr'>Christi</span> <span class='ocrx_word' id='word_1_66' title='bbox 1196 880 1427 921; x_wconf 83' lang='lat' dir='ltr'>ecclesiam.</span> <span class='ocrx_word' id='word_1_67' title='bbox 1461 882 1572 921; x_wconf 88' lang='lat' dir='ltr'>Nam</span> <span class='ocrx_word' id='word_1_68' title='bbox 1594 880 1736 934; x_wconf 86' lang='lat' dir='ltr'>quoad</span> 
     </span>
     <span class='ocr_line' id='line_1_10' title="bbox 411 950 1733 1004; baseline 0.002 -18"><span class='ocrx_word' id='word_1_69' title='bbox 411 961 637 1000; x_wconf 83' lang='lat' dir='ltr'>personam</span> <span class='ocrx_word' id='word_1_70' title='bbox 671 958 710 990; x_wconf 88' lang='lat' dir='ltr'>et</span> <span class='ocrx_word' id='word_1_71' title='bbox 742 951 885 1004; x_wconf 86' lang='lat' dir='ltr'>quoad</span> <span class='ocrx_word' id='word_1_72' title='bbox 917 959 1085 1004; x_wconf 89' lang='lat' dir='ltr'>tempus</span> <span class='ocrx_word' id='word_1_73' title='bbox 1120 951 1234 1004; x_wconf 92' lang='lat' dir='ltr'>prius</span> <span class='ocrx_word' id='word_1_74' title='bbox 1268 951 1346 992; x_wconf 90' lang='lat' dir='ltr'>fuit</span> <span class='ocrx_word' id='word_1_75' title='bbox 1378 951 1549 992; x_wconf 84' lang='lat' dir='ltr'>ecclesia</span> <span class='ocrx_word' id='word_1_76' title='bbox 1583 950 1733 991; x_wconf 90' lang='lat' dir='ltr'>Christi</span> 
     </span>
     <span class='ocr_line' id='line_1_11' title="bbox 408 1017 1795 1074; baseline 0.005 -18"><span class='ocrx_word' id='word_1_77' title='bbox 408 1017 449 1057; x_wconf 90' lang='lat' dir='ltr'>in</span> <span class='ocrx_word' id='word_1_78' title='bbox 501 1020 668 1060; x_wconf 88' lang='lat' dir='ltr'>sedibus</span> <span class='ocrx_word' id='word_1_79' title='bbox 715 1021 927 1074; x_wconf 87' lang='lat' dir='ltr'>prioribus</span> <span class='ocrx_word' id='word_1_80' title='bbox 987 1030 1026 1061; x_wconf 90' lang='lat' dir='ltr'>et</span> <span class='ocrx_word' id='word_1_81' title='bbox 1076 1022 1129 1061; x_wconf 83' lang='lat' dir='ltr'>ad</span> <span class='ocrx_word' id='word_1_82' title='bbox 1181 1036 1353 1062; x_wconf 88' lang='lat' dir='ltr'>sensum</span> <span class='ocrx_word' id='word_1_83' title='bbox 1401 1023 1532 1062; x_wconf 89' lang='lat' dir='ltr'>istum</span> <span class='ocrx_word' id='word_1_84' title='bbox 1586 1021 1737 1061; x_wconf 87' lang='lat' dir='ltr'>dicitur</span> <span class='ocrx_word' id='word_1_85' title='bbox 1758 1044 1795 1064; x_wconf 86' lang='lat'>10</span> 
     </span>
     <span class='ocr_line' id='line_1_12' title="bbox 407 1089 1736 1146; baseline 0.003 -18"><span class='ocrx_word' id='word_1_86' title='bbox 407 1089 711 1143; x_wconf 75' lang='lat' dir='ltr'>110.Ma0h.V0,</span> <span class='ocrx_word' id='word_1_87' title='bbox 737 1104 797 1142; x_wconf 82' lang='lat'>19,</span> <span class='ocrx_word' id='word_1_88' title='bbox 821 1092 938 1144; x_wconf 84' lang='lat' dir='ltr'>quod</span> <span class='ocrx_word' id='word_1_89' title='bbox 954 1104 1039 1131; x_wconf 89' lang='lat' dir='ltr'>non</span> <span class='ocrx_word' id='word_1_90' title='bbox 1056 1092 1175 1132; x_wconf 82' lang='lat' dir='ltr'>locus</span> <span class='ocrx_word' id='word_1_91' title='bbox 1187 1098 1359 1146; x_wconf 84' lang='lat' dir='ltr'>gentem</span> <span class='ocrx_word' id='word_1_92' title='bbox 1375 1092 1451 1132; x_wconf 76' lang='lat' dir='ltr'>sed</span> <span class='ocrx_word' id='word_1_93' title='bbox 1471 1105 1580 1146; x_wconf 77' lang='lat' dir='ltr'>gens</span> <span class='ocrx_word' id='word_1_94' title='bbox 1596 1093 1736 1132; x_wconf 86' lang='lat' dir='ltr'>locum</span> 
     </span>
     <span class='ocr_line' id='line_1_13' title="bbox 407 1160 1737 1214; baseline 0.002 -15"><span class='ocrx_word' id='word_1_95' title='bbox 407 1160 662 1214; x_wconf 80' lang='lat' dir='ltr'>sanctificat.</span> <span class='ocrx_word' id='word_1_96' title='bbox 714 1161 768 1200; x_wconf 89' lang='lat' dir='ltr'>Et</span> <span class='ocrx_word' id='word_1_97' title='bbox 810 1161 908 1201; x_wconf 92' lang='lat' dir='ltr'>hinc</span> <span class='ocrx_word' id='word_1_98' title='bbox 960 1163 1084 1202; x_wconf 90' lang='lat' dir='ltr'>credo</span> <span class='ocrx_word' id='word_1_99' title='bbox 1130 1162 1378 1202; x_wconf 89' lang='lat' dir='ltr'>derelictum</span> <span class='ocrx_word' id='word_1_100' title='bbox 1421 1162 1545 1202; x_wconf 88' lang='lat' dir='ltr'>licere</span> <span class='ocrx_word' id='word_1_101' title='bbox 1587 1175 1737 1201; x_wconf 87' lang='lat' dir='ltr'>vocare</span> 
     </span>
     <span class='ocr_line' id='line_1_14' title="bbox 409 1230 1736 1286; baseline 0.001 -17"><span class='ocrx_word' id='word_1_102' title='bbox 409 1230 565 1270; x_wconf 81' lang='lat' dir='ltr'>Christi</span> <span class='ocrx_word' id='word_1_103' title='bbox 590 1230 809 1271; x_wconf 87' lang='lat' dir='ltr'>ecclesiam</span> <span class='ocrx_word' id='word_1_104' title='bbox 831 1231 1007 1272; x_wconf 87' lang='lat' dir='ltr'>nomine</span> <span class='ocrx_word' id='word_1_105' title='bbox 1031 1232 1324 1286; x_wconf 88' lang='lat' dir='ltr'>cuiuscunque</span> <span class='ocrx_word' id='word_1_106' title='bbox 1338 1232 1419 1272; x_wconf 91' lang='lat' dir='ltr'>loci</span> <span class='ocrx_word' id='word_1_107' title='bbox 1443 1245 1571 1286; x_wconf 88' lang='lat' dir='ltr'>quem</span> <span class='ocrx_word' id='word_1_108' title='bbox 1594 1231 1736 1271; x_wconf 90' lang='lat' dir='ltr'>fideles</span> 
     </span>
     <span class='ocr_line' id='line_1_15' title="bbox 407 1300 1738 1355; baseline 0.002 -17"><span class='ocrx_word' id='word_1_109' title='bbox 407 1300 656 1353; x_wconf 83' lang='lat' dir='ltr'>inhabitant,</span> <span class='ocrx_word' id='word_1_110' title='bbox 697 1301 803 1341; x_wconf 91' lang='lat' dir='ltr'>sicut</span> <span class='ocrx_word' id='word_1_111' title='bbox 837 1301 1028 1342; x_wconf 89' lang='lat' dir='ltr'>Christus</span> <span class='ocrx_word' id='word_1_112' title='bbox 1072 1311 1248 1342; x_wconf 87' lang='lat' dir='ltr'>vocatur</span> <span class='ocrx_word' id='word_1_113' title='bbox 1280 1303 1521 1342; x_wconf 89' lang='lat' dir='ltr'>Nazarenus</span> <span class='ocrx_word' id='word_1_114' title='bbox 1567 1311 1738 1355; x_wconf 89' lang='lat' dir='ltr'>propter</span> 
     </span>
     <span class='ocr_line' id='line_1_16' title="bbox 409 1371 1794 1425; baseline 0.003 -15"><span class='ocrx_word' id='word_1_115' title='bbox 409 1372 754 1424; x_wconf 89' lang='lat' dir='ltr'>concepcionem,</span> <span class='ocrx_word' id='word_1_116' title='bbox 787 1381 826 1411; x_wconf 91' lang='lat' dir='ltr'>et</span> <span class='ocrx_word' id='word_1_117' title='bbox 859 1381 999 1425; x_wconf 87' lang='lat' dir='ltr'>potest</span> <span class='ocrx_word' id='word_1_118' title='bbox 1032 1372 1235 1412; x_wconf 83' lang='lat' dir='ltr'>catholice</span> <span class='ocrx_word' id='word_1_119' title='bbox 1266 1372 1404 1412; x_wconf 88' lang='lat' dir='ltr'>vocari</span> <span class='ocrx_word' id='word_1_120' title='bbox 1446 1372 1580 1412; x_wconf 87' lang='lat' dir='ltr'>David</span> <span class='ocrx_word' id='word_1_121' title='bbox 1611 1371 1794 1415; x_wconf 75' lang='lat' dir='ltr'>Beth-15</span> 
     </span>
     <span class='ocr_line' id='line_1_17' title="bbox 408 1441 1736 1496; baseline 0.001 -16"><span class='ocrx_word' id='word_1_122' title='bbox 408 1441 671 1481; x_wconf 87' lang='lat' dir='ltr'>lehemiticus</span> <span class='ocrx_word' id='word_1_123' title='bbox 704 1452 876 1496; x_wconf 89' lang='lat' dir='ltr'>propter</span> <span class='ocrx_word' id='word_1_124' title='bbox 908 1442 1185 1495; x_wconf 80' lang='lat' dir='ltr'>nativitatem,</span> <span class='ocrx_word' id='word_1_125' title='bbox 1221 1452 1260 1482; x_wconf 92' lang='lat' dir='ltr'>et</span> <span class='ocrx_word' id='word_1_126' title='bbox 1290 1442 1345 1482; x_wconf 93' lang='lat' dir='ltr'>sic</span> <span class='ocrx_word' id='word_1_127' title='bbox 1379 1443 1429 1482; x_wconf 91' lang='lat' dir='ltr'>de</span> <span class='ocrx_word' id='word_1_128' title='bbox 1470 1442 1559 1482; x_wconf 86' lang='lat' dir='ltr'>aliis</span> <span class='ocrx_word' id='word_1_129' title='bbox 1594 1441 1736 1482; x_wconf 86' lang='lat' dir='ltr'>civita-</span> 
     </span>
     <span class='ocr_line' id='line_1_18' title="bbox 408 1511 1739 1566; baseline 0 -16"><span class='ocrx_word' id='word_1_130' title='bbox 408 1511 518 1550; x_wconf 90' lang='lat' dir='ltr'>tibus</span> <span class='ocrx_word' id='word_1_131' title='bbox 542 1525 624 1565; x_wconf 86' lang='lat' dir='ltr'>que</span> <span class='ocrx_word' id='word_1_132' title='bbox 647 1521 820 1564; x_wconf 82' lang='lat' dir='ltr'>possent</span> <span class='ocrx_word' id='word_1_133' title='bbox 841 1513 951 1553; x_wconf 89' lang='lat' dir='ltr'>licite</span> <span class='ocrx_word' id='word_1_134' title='bbox 976 1513 1054 1552; x_wconf 90' lang='lat' dir='ltr'>dici</span> <span class='ocrx_word' id='word_1_135' title='bbox 1086 1526 1160 1553; x_wconf 90' lang='lat' dir='ltr'>sue</span> <span class='ocrx_word' id='word_1_136' title='bbox 1187 1522 1359 1566; x_wconf 86' lang='lat' dir='ltr'>propter</span> <span class='ocrx_word' id='word_1_137' title='bbox 1381 1512 1739 1552; x_wconf 79' lang='lat' dir='ltr'>inhabitacionem</span> 
     </span>
     <span class='ocr_line' id='line_1_19' title="bbox 408 1582 1613 1636; baseline 0.001 -16"><span class='ocrx_word' id='word_1_138' title='bbox 408 1582 473 1620; x_wconf 85' lang='lat' dir='ltr'>vel</span> <span class='ocrx_word' id='word_1_139' title='bbox 506 1591 676 1635; x_wconf 85' lang='lat' dir='ltr'>propter</span> <span class='ocrx_word' id='word_1_140' title='bbox 709 1582 867 1622; x_wconf 87' lang='lat' dir='ltr'>factum</span> <span class='ocrx_word' id='word_1_141' title='bbox 899 1583 1013 1622; x_wconf 87' lang='lat' dir='ltr'>aliud</span> <span class='ocrx_word' id='word_1_142' title='bbox 1046 1582 1230 1622; x_wconf 91' lang='lat' dir='ltr'>notabile</span> <span class='ocrx_word' id='word_1_143' title='bbox 1262 1583 1327 1622; x_wconf 85' lang='lat' dir='ltr'>vel</span> <span class='ocrx_word' id='word_1_144' title='bbox 1358 1583 1613 1636; x_wconf 86' lang='lat' dir='ltr'>passionem.</span> 
     </span>
    </p>

    <p class='ocr_par' dir='ltr' id='par_1_3' title="bbox 135 1653 1736 1710">
     <span class='ocr_line' id='line_1_20' title="bbox 135 1653 1736 1710; baseline -0.001 -19"><span class='ocrx_word' id='word_1_145' title='bbox 135 1670 305 1710; x_wconf 4' lang='lat' dir='ltr'>wegmust</span> <span class='ocrx_word' id='word_1_146' title='bbox 332 1672 368 1697; x_wconf 56' lang='lat' dir='ltr'>bc</span> <span class='ocrx_word' id='word_1_147' title='bbox 468 1653 668 1692; x_wconf 89' lang='lat' dir='ltr'>Notando</span> <span class='ocrx_word' id='word_1_148' title='bbox 713 1661 854 1692; x_wconf 88' lang='lat' dir='ltr'>tamen</span> <span class='ocrx_word' id='word_1_149' title='bbox 901 1654 1018 1706; x_wconf 85' lang='lat' dir='ltr'>quod</span> <span class='ocrx_word' id='word_1_150' title='bbox 1072 1654 1265 1693; x_wconf 83' lang='lat' dir='ltr'>vocando</span> <span class='ocrx_word' id='word_1_151' title='bbox 1319 1653 1536 1693; x_wconf 87' lang='lat' dir='ltr'>ecclesiam</span> <span class='ocrx_word' id='word_1_152' title='bbox 1587 1666 1736 1706; x_wconf 85' lang='lat' dir='ltr'>quam-</span> 
     </span>
    </p>

    <p class='ocr_par' dir='ltr' id='par_1_4' title="bbox 117 1707 1796 1776">
     <span class='ocr_line' id='line_1_21' title="bbox 117 1707 1796 1776; baseline -0.001 -15"><span class='ocrx_word' id='word_1_153' title='bbox 117 1707 395 1771; x_wconf 48' lang='grc' dir='ltr'>ᾗῖἱθῗὲζῃῗῗζζῃζζξ</span> <span class='ocrx_word' id='word_1_154' title='bbox 413 1736 581 1775; x_wconf 84' lang='lat' dir='ltr'>cunque</span> <span class='ocrx_word' id='word_1_155' title='bbox 614 1722 790 1763; x_wconf 90' lang='lat' dir='ltr'>nomine</span> <span class='ocrx_word' id='word_1_156' title='bbox 822 1723 902 1763; x_wconf 89' lang='lat' dir='ltr'>loci</span> <span class='ocrx_word' id='word_1_157' title='bbox 936 1723 1017 1762; x_wconf 90' lang='lat' dir='ltr'>hoc</span> <span class='ocrx_word' id='word_1_158' title='bbox 1040 1732 1180 1776; x_wconf 91' lang='lat' dir='ltr'>potest</span> <span class='ocrx_word' id='word_1_159' title='bbox 1211 1723 1385 1776; x_wconf 86' lang='lat' dir='ltr'>intelligi</span> <span class='ocrx_word' id='word_1_160' title='bbox 1409 1723 1642 1776; x_wconf 86' lang='lat' dir='ltr'>dupliciter,</span> <span class='ocrx_word' id='word_1_161' title='bbox 1674 1722 1739 1761; x_wconf 80' lang='lat' dir='ltr'>vel</span> <span class='ocrx_word' id='word_1_162' title='bbox 1756 1745 1796 1766; x_wconf 83' lang='lat'>20</span> 
     </span>
    </p>

    <p class='ocr_par' dir='ltr' id='par_1_5' title="bbox 118 1778 1798 2758">
     <span class='ocr_line' id='line_1_22' title="bbox 118 1778 1737 1846; baseline -0.001 -15"><span class='ocrx_word' id='word_1_163' title='bbox 118 1779 165 1805; x_wconf 49' lang='lat' dir='ltr'>‘Os</span> <span class='ocrx_word' id='word_1_164' title='bbox 188 1779 238 1805; x_wconf 65' lang='lat'>¹¹¹⁶</span> <span class='ocrx_word' id='word_1_165' title='bbox 260 1778 682 1846; x_wconf 71' lang='lat' dir='ltr'>ChllsCll&#39;appropriate</span> <span class='ocrx_word' id='word_1_166' title='bbox 715 1794 857 1846; x_wconf 87' lang='lat' dir='ltr'>quoad</span> <span class='ocrx_word' id='word_1_167' title='bbox 897 1793 1207 1833; x_wconf 88' lang='lat' dir='ltr'>habitacionem</span> <span class='ocrx_word' id='word_1_168' title='bbox 1238 1794 1348 1833; x_wconf 91' lang='lat' dir='ltr'>illius</span> <span class='ocrx_word' id='word_1_169' title='bbox 1380 1793 1461 1833; x_wconf 94' lang='lat' dir='ltr'>loci</span> <span class='ocrx_word' id='word_1_170' title='bbox 1493 1793 1558 1832; x_wconf 88' lang='lat' dir='ltr'>vel</span> <span class='ocrx_word' id='word_1_171' title='bbox 1591 1805 1737 1832; x_wconf 92' lang='lat' dir='ltr'>secun-</span> 
     </span>
     <span class='ocr_line' id='line_1_23' title="bbox 413 1863 1738 1917; baseline -0.001 -15"><span class='ocrx_word' id='word_1_172' title='bbox 413 1864 516 1902; x_wconf 87' lang='lat' dir='ltr'>dum</span> <span class='ocrx_word' id='word_1_173' title='bbox 549 1873 725 1916; x_wconf 88' lang='lat' dir='ltr'>partem,</span> <span class='ocrx_word' id='word_1_174' title='bbox 771 1872 810 1903; x_wconf 91' lang='lat' dir='ltr'>et</span> <span class='ocrx_word' id='word_1_175' title='bbox 842 1863 884 1902; x_wconf 90' lang='lat' dir='ltr'>in</span> <span class='ocrx_word' id='word_1_176' title='bbox 919 1863 1000 1902; x_wconf 90' lang='lat' dir='ltr'>hoc</span> <span class='ocrx_word' id='word_1_177' title='bbox 1033 1872 1131 1903; x_wconf 89' lang='lat' dir='ltr'>sunt</span> <span class='ocrx_word' id='word_1_178' title='bbox 1164 1865 1372 1917; x_wconf 85' lang='lat' dir='ltr'>quotlibet</span> <span class='ocrx_word' id='word_1_179' title='bbox 1405 1864 1559 1917; x_wconf 86' lang='lat' dir='ltr'>gradus</span> <span class='ocrx_word' id='word_1_180' title='bbox 1592 1876 1738 1902; x_wconf 90' lang='lat' dir='ltr'>secun-</span> 
     </span>
     <span class='ocr_line' id='line_1_24' title="bbox 414 1933 1740 1987; baseline -0.001 -15"><span class='ocrx_word' id='word_1_181' title='bbox 414 1934 517 1973; x_wconf 89' lang='lat' dir='ltr'>dum</span> <span class='ocrx_word' id='word_1_182' title='bbox 562 1933 889 1987; x_wconf 88' lang='lat' dir='ltr'>amplitudinem</span> <span class='ocrx_word' id='word_1_183' title='bbox 929 1933 1118 1987; x_wconf 86' lang='lat' dir='ltr'>parcium</span> <span class='ocrx_word' id='word_1_184' title='bbox 1165 1934 1348 1975; x_wconf 88' lang='lat' dir='ltr'>ecclesie.</span> <span class='ocrx_word' id='word_1_185' title='bbox 1394 1935 1492 1973; x_wconf 94' lang='lat' dir='ltr'>Non</span> <span class='ocrx_word' id='word_1_186' title='bbox 1536 1933 1649 1973; x_wconf 91' lang='lat' dir='ltr'>enim</span> <span class='ocrx_word' id='word_1_187' title='bbox 1681 1941 1740 1971; x_wconf 87' lang='lat' dir='ltr'>est</span> 
     </span>
     <span class='ocr_line' id='line_1_25' title="bbox 413 2002 1739 2046; baseline -0.001 -3"><span class='ocrx_word' id='word_1_188' title='bbox 413 2004 523 2043; x_wconf 87' lang='lat' dir='ltr'>bona</span> <span class='ocrx_word' id='word_1_189' title='bbox 556 2017 679 2044; x_wconf 91' lang='lat' dir='ltr'>causa</span> <span class='ocrx_word' id='word_1_190' title='bbox 711 2017 859 2044; x_wconf 89' lang='lat' dir='ltr'>vocare</span> <span class='ocrx_word' id='word_1_191' title='bbox 894 2014 1073 2044; x_wconf 84' lang='lat' dir='ltr'>matrem</span> <span class='ocrx_word' id='word_1_192' title='bbox 1108 2015 1295 2046; x_wconf 88' lang='lat' dir='ltr'>nostram</span> <span class='ocrx_word' id='word_1_193' title='bbox 1330 2005 1569 2044; x_wconf 85' lang='lat' dir='ltr'>Romanam</span> <span class='ocrx_word' id='word_1_194' title='bbox 1611 2002 1739 2043; x_wconf 89' lang='lat' dir='ltr'>eccle-</span> 
     </span>
     <span class='ocr_line' id='line_1_26' title="bbox 411 2072 1795 2129; baseline -0.002 -16"><span class='ocrx_word' id='word_1_195' title='bbox 411 2074 516 2114; x_wconf 87' lang='lat' dir='ltr'>siam</span> <span class='ocrx_word' id='word_1_196' title='bbox 564 2083 736 2128; x_wconf 85' lang='lat' dir='ltr'>propter</span> <span class='ocrx_word' id='word_1_197' title='bbox 778 2074 932 2115; x_wconf 83' lang='lat' dir='ltr'>fastum</span> <span class='ocrx_word' id='word_1_198' title='bbox 972 2084 1045 2115; x_wconf 89' lang='lat' dir='ltr'>aut</span> <span class='ocrx_word' id='word_1_199' title='bbox 1085 2074 1444 2129; x_wconf 88' lang='lat' dir='ltr'>complacenciam</span> <span class='ocrx_word' id='word_1_200' title='bbox 1477 2072 1739 2127; x_wconf 85' lang='lat' dir='ltr'>imperatoris</span> <span class='ocrx_word' id='word_1_201' title='bbox 1757 2085 1795 2117; x_wconf 75' lang='lat'>25</span> 
     </span>
     <span class='ocr_line' id='line_1_27' title="bbox 413 2142 1741 2199; baseline -0.002 -16"><span class='ocrx_word' id='word_1_202' title='bbox 413 2144 596 2184; x_wconf 88' lang='lat' dir='ltr'>dotantis</span> <span class='ocrx_word' id='word_1_203' title='bbox 643 2144 861 2184; x_wconf 86' lang='lat' dir='ltr'>ecclesiam</span> <span class='ocrx_word' id='word_1_204' title='bbox 908 2159 983 2184; x_wconf 88' lang='lat' dir='ltr'>nec</span> <span class='ocrx_word' id='word_1_205' title='bbox 1028 2155 1200 2199; x_wconf 89' lang='lat' dir='ltr'>propter</span> <span class='ocrx_word' id='word_1_206' title='bbox 1245 2143 1537 2184; x_wconf 86' lang='lat' dir='ltr'>extollenciam</span> <span class='ocrx_word' id='word_1_207' title='bbox 1580 2142 1741 2182; x_wconf 89' lang='lat' dir='ltr'>domini</span> 
     </span>
     <span class='ocr_line' id='line_1_28' title="bbox 412 2212 1742 2269; baseline -0.002 -16"><span class='ocrx_word' id='word_1_208' title='bbox 412 2228 520 2267; x_wconf 88' lang='lat' dir='ltr'>pape</span> <span class='ocrx_word' id='word_1_209' title='bbox 553 2214 800 2268; x_wconf 88' lang='lat' dir='ltr'>pompantis</span> <span class='ocrx_word' id='word_1_210' title='bbox 833 2215 883 2254; x_wconf 89' lang='lat' dir='ltr'>de</span> <span class='ocrx_word' id='word_1_211' title='bbox 914 2224 1030 2268; x_wconf 88' lang='lat' dir='ltr'>parte</span> <span class='ocrx_word' id='word_1_212' title='bbox 1054 2215 1219 2269; x_wconf 88' lang='lat' dir='ltr'>imperii</span> <span class='ocrx_word' id='word_1_213' title='bbox 1252 2229 1300 2254; x_wconf 86' lang='lat' dir='ltr'>ex</span> <span class='ocrx_word' id='word_1_214' title='bbox 1334 2228 1412 2253; x_wconf 86' lang='lat' dir='ltr'>suo</span> <span class='ocrx_word' id='word_1_215' title='bbox 1442 2213 1626 2266; x_wconf 87' lang='lat' dir='ltr'>primatu</span> <span class='ocrx_word' id='word_1_216' title='bbox 1658 2212 1742 2251; x_wconf 83' lang='lat' dir='ltr'>sive</span> 
     </span>
     <span class='ocr_line' id='line_1_29' title="bbox 413 2284 1742 2338; baseline -0.002 -15"><span class='ocrx_word' id='word_1_217' title='bbox 413 2284 605 2324; x_wconf 89' lang='lat' dir='ltr'>dominio</span> <span class='ocrx_word' id='word_1_218' title='bbox 629 2298 704 2324; x_wconf 92' lang='lat' dir='ltr'>nec</span> <span class='ocrx_word' id='word_1_219' title='bbox 728 2284 871 2336; x_wconf 92' lang='lat' dir='ltr'>tercio,</span> <span class='ocrx_word' id='word_1_220' title='bbox 895 2294 941 2325; x_wconf 91' lang='lat' dir='ltr'>ut</span> <span class='ocrx_word' id='word_1_221' title='bbox 963 2286 1153 2325; x_wconf 87' lang='lat' dir='ltr'>credatur</span> <span class='ocrx_word' id='word_1_222' title='bbox 1182 2286 1298 2338; x_wconf 85' lang='lat' dir='ltr'>quod</span> <span class='ocrx_word' id='word_1_223' title='bbox 1325 2285 1377 2324; x_wconf 87' lang='lat' dir='ltr'>ad</span> <span class='ocrx_word' id='word_1_224' title='bbox 1406 2285 1549 2337; x_wconf 89' lang='lat' dir='ltr'>ipsum</span> <span class='ocrx_word' id='word_1_225' title='bbox 1573 2291 1742 2336; x_wconf 86' lang='lat' dir='ltr'>oportet</span> 
     </span>
     <span class='ocr_line' id='line_1_30' title="bbox 413 2351 1740 2395; baseline -0.002 -2"><span class='ocrx_word' id='word_1_226' title='bbox 413 2368 589 2394; x_wconf 88' lang='lat' dir='ltr'>omnem</span> <span class='ocrx_word' id='word_1_227' title='bbox 623 2354 899 2394; x_wconf 89' lang='lat' dir='ltr'>christianum</span> <span class='ocrx_word' id='word_1_228' title='bbox 921 2368 1129 2395; x_wconf 90' lang='lat' dir='ltr'>recurrere</span> <span class='ocrx_word' id='word_1_229' title='bbox 1166 2364 1205 2395; x_wconf 91' lang='lat' dir='ltr'>et</span> <span class='ocrx_word' id='word_1_230' title='bbox 1237 2356 1287 2394; x_wconf 83' lang='lat' dir='ltr'>de</span> <span class='ocrx_word' id='word_1_231' title='bbox 1330 2354 1574 2394; x_wconf 86' lang='lat' dir='ltr'>necessitate</span> <span class='ocrx_word' id='word_1_232' title='bbox 1597 2351 1740 2392; x_wconf 87' lang='lat' dir='ltr'>salutis</span> 
     </span>
     <span class='ocr_line' id='line_1_31' title="bbox 412 2422 1798 2479; baseline 0.001 -15"><span class='ocrx_word' id='word_1_233' title='bbox 412 2425 555 2477; x_wconf 89' lang='lat' dir='ltr'>ipsum</span> <span class='ocrx_word' id='word_1_234' title='bbox 585 2425 806 2478; x_wconf 87' lang='lat' dir='ltr'>capitalem</span> <span class='ocrx_word' id='word_1_235' title='bbox 828 2438 1140 2479; x_wconf 87' lang='lat' dir='ltr'>recognoscere,</span> <span class='ocrx_word' id='word_1_236' title='bbox 1164 2426 1236 2464; x_wconf 89' lang='lat' dir='ltr'>sed</span> <span class='ocrx_word' id='word_1_237' title='bbox 1258 2434 1431 2478; x_wconf 86' lang='lat' dir='ltr'>propter</span> <span class='ocrx_word' id='word_1_238' title='bbox 1453 2437 1596 2464; x_wconf 86' lang='lat' dir='ltr'>causas</span> <span class='ocrx_word' id='word_1_239' title='bbox 1627 2422 1738 2475; x_wconf 79' lang='lat' dir='ltr'>topi·</span> <span class='ocrx_word' id='word_1_240' title='bbox 1758 2434 1798 2466; x_wconf 79' lang='lat'>30</span> 
     </span>
     <span class='ocr_line' id='line_1_32' title="bbox 413 2493 1737 2547; baseline -0.001 -14"><span class='ocrx_word' id='word_1_241' title='bbox 413 2507 480 2533; x_wconf 88' lang='lat' dir='ltr'>cas</span> <span class='ocrx_word' id='word_1_242' title='bbox 513 2494 786 2547; x_wconf 88' lang='lat' dir='ltr'>supradictas.</span> <span class='ocrx_word' id='word_1_243' title='bbox 821 2494 933 2534; x_wconf 90' lang='lat' dir='ltr'>Cum</span> <span class='ocrx_word' id='word_1_244' title='bbox 981 2495 1094 2535; x_wconf 87' lang='lat' dir='ltr'>enim</span> <span class='ocrx_word' id='word_1_245' title='bbox 1127 2496 1320 2535; x_wconf 86' lang='lat' dir='ltr'>Romana</span> <span class='ocrx_word' id='word_1_246' title='bbox 1354 2494 1524 2534; x_wconf 88' lang='lat' dir='ltr'>ecclesia</span> <span class='ocrx_word' id='word_1_247' title='bbox 1567 2493 1618 2533; x_wconf 91' lang='lat' dir='ltr'>sit</span> <span class='ocrx_word' id='word_1_248' title='bbox 1659 2503 1737 2532; x_wconf 89' lang='lat' dir='ltr'>ter-</span> 
     </span>
     <span class='ocr_line' id='line_1_33' title="bbox 412 2564 1738 2618; baseline 0 -16"><span class='ocrx_word' id='word_1_249' title='bbox 412 2564 554 2603; x_wconf 87' lang='lat' dir='ltr'>minus</span> <span class='ocrx_word' id='word_1_250' title='bbox 589 2564 803 2604; x_wconf 89' lang='lat' dir='ltr'>institutus</span> <span class='ocrx_word' id='word_1_251' title='bbox 836 2574 975 2617; x_wconf 86' lang='lat' dir='ltr'>preter</span> <span class='ocrx_word' id='word_1_252' title='bbox 999 2565 1295 2605; x_wconf 84' lang='lat' dir='ltr'>fundacionem</span> <span class='ocrx_word' id='word_1_253' title='bbox 1322 2565 1363 2604; x_wconf 93' lang='lat' dir='ltr'>in</span> <span class='ocrx_word' id='word_1_254' title='bbox 1388 2565 1590 2618; x_wconf 87' lang='lat' dir='ltr'>scriptura</span> <span class='ocrx_word' id='word_1_255' title='bbox 1612 2576 1738 2613; x_wconf 85' lang='lat' dir='ltr'>sacra,</span> 
     </span>
     <span class='ocr_line' id='line_1_34' title="bbox 414 2634 1740 2689; baseline -0.002 -16"><span class='ocrx_word' id='word_1_256' title='bbox 414 2634 510 2673; x_wconf 82' lang='lat' dir='ltr'>satis</span> <span class='ocrx_word' id='word_1_257' title='bbox 544 2643 604 2674; x_wconf 87' lang='lat' dir='ltr'>est</span> <span class='ocrx_word' id='word_1_258' title='bbox 636 2634 785 2674; x_wconf 85' lang='lat' dir='ltr'>habere</span> <span class='ocrx_word' id='word_1_259' title='bbox 819 2635 1033 2675; x_wconf 83' lang='lat' dir='ltr'>racionem</span> <span class='ocrx_word' id='word_1_260' title='bbox 1058 2635 1322 2689; x_wconf 87' lang='lat' dir='ltr'>probabilem</span> <span class='ocrx_word' id='word_1_261' title='bbox 1355 2635 1541 2675; x_wconf 82' lang='lat' dir='ltr'>cavendo</span> <span class='ocrx_word' id='word_1_262' title='bbox 1575 2646 1740 2686; x_wconf 85' lang='lat' dir='ltr'>semper</span> 
     </span>
     <span class='ocr_line' id='line_1_35' title="bbox 414 2704 958 2758; baseline 0.009 -16"><span class='ocrx_word' id='word_1_263' title='bbox 414 2704 463 2743; x_wconf 89' lang='lat' dir='ltr'>de</span> <span class='ocrx_word' id='word_1_264' title='bbox 497 2705 756 2744; x_wconf 89' lang='lat' dir='ltr'>deduccione</span> <span class='ocrx_word' id='word_1_265' title='bbox 789 2705 958 2758; x_wconf 85' lang='lat' dir='ltr'>perfida.</span> 
     </span>
    </p>
   </div>
   <div class='ocr_carea' id='block_1_3' title="bbox 413 2841 1737 2970">
    <p class='ocr_par' dir='ltr' id='par_1_6' title="bbox 413 2841 1737 2970">
     <span class='ocr_line' id='line_1_36' title="bbox 471 2841 1737 2877; baseline -0.001 -8"><span class='ocrx_word' id='word_1_266' title='bbox 471 2850 496 2869; x_wconf 50' lang='grc' dir='ltr'>μ’.</span> <span class='ocrx_word' id='word_1_267' title='bbox 520 2841 557 2868; x_wconf 69' lang='lat'>1³:</span> <span class='ocrx_word' id='word_1_268' title='bbox 581 2842 617 2869; x_wconf 77' lang='lat' dir='ltr'>ad</span> <span class='ocrx_word' id='word_1_269' title='bbox 640 2850 763 2869; x_wconf 77' lang='lat' dir='ltr'>nomen.</span> <span class='ocrx_word' id='word_1_270' title='bbox 856 2851 889 2871; x_wconf 85' lang='lat'>11.</span> <span class='ocrx_word' id='word_1_271' title='bbox 913 2842 932 2869; x_wconf 67' lang='lat'>13</span> <span class='ocrx_word' id='word_1_272' title='bbox 955 2843 983 2870; x_wconf 86' lang='lat' dir='ltr'>in</span> <span class='ocrx_word' id='word_1_273' title='bbox 1006 2851 1107 2877; x_wconf 72' lang='lat' dir='ltr'>marg:</span> <span class='ocrx_word' id='word_1_274' title='bbox 1130 2842 1382 2871; x_wconf 74' lang='lat' dir='ltr'>Machabeorum.</span> <span class='ocrx_word' id='word_1_275' title='bbox 1475 2849 1513 2870; x_wconf 66' lang='lat'>12⁷.</span> <span class='ocrx_word' id='word_1_276' title='bbox 1535 2842 1737 2873; x_wconf 77' lang='lat' dir='ltr'>derelictum:</span> 
     </span>
     <span class='ocr_line' id='line_1_37' title="bbox 414 2888 1737 2926; baseline -0.002 -10"><span class='ocrx_word' id='word_1_277' title='bbox 414 2889 458 2916; x_wconf 74' lang='lat' dir='ltr'>sic</span> <span class='ocrx_word' id='word_1_278' title='bbox 480 2889 509 2916; x_wconf 85' lang='lat' dir='ltr'>in</span> <span class='ocrx_word' id='word_1_279' title='bbox 532 2889 623 2916; x_wconf 74' lang='lat' dir='ltr'>codd.</span> <span class='ocrx_word' id='word_1_280' title='bbox 647 2891 704 2917; x_wconf 73' lang='lat' dir='ltr'>and</span> <span class='ocrx_word' id='word_1_281' title='bbox 729 2890 757 2917; x_wconf 84' lang='lat' dir='ltr'>in</span> <span class='ocrx_word' id='word_1_282' title='bbox 781 2889 858 2921; x_wconf 74' lang='lat' dir='ltr'>lius,</span> <span class='ocrx_word' id='word_1_283' title='bbox 881 2890 917 2917; x_wconf 84' lang='lat' dir='ltr'>dc</span> <span class='ocrx_word' id='word_1_284' title='bbox 939 2890 1080 2925; x_wconf 69' lang='lat' dir='ltr'>ecclesia,</span> <span class='ocrx_word' id='word_1_285' title='bbox 1110 2892 1192 2926; x_wconf 58' lang='lat' dir='ltr'>(lpp.</span> <span class='ocrx_word' id='word_1_286' title='bbox 1214 2895 1291 2917; x_wconf 78' lang='lat' dir='ltr'>tom.</span> <span class='ocrx_word' id='word_1_287' title='bbox 1313 2891 1334 2924; x_wconf 79' lang='grc' dir='ltr'>Ι,</span> <span class='ocrx_word' id='word_1_288' title='bbox 1359 2889 1426 2916; x_wconf 70' lang='grc' dir='ltr'>ΓοΙ.</span> <span class='ocrx_word' id='word_1_289' title='bbox 1450 2890 1539 2916; x_wconf 58' lang='lat'>208⁸.</span> <span class='ocrx_word' id='word_1_290' title='bbox 1633 2888 1674 2915; x_wconf 75' lang='lat'>25.</span> <span class='ocrx_word' id='word_1_291' title='bbox 1698 2888 1737 2913; x_wconf 68' lang='lat'>¹³:</span> 
     </span>
     <span class='ocr_line' id='line_1_38' title="bbox 413 2935 1737 2970; baseline -0.002 -8"><span class='ocrx_word' id='word_1_292' title='bbox 413 2936 643 2963; x_wconf 66' lang='lat' dir='ltr'>excellenciam.</span> <span class='ocrx_word' id='word_1_293' title='bbox 737 2936 783 2963; x_wconf 67' lang='lat'>28.</span> <span class='ocrx_word' id='word_1_294' title='bbox 807 2936 845 2962; x_wconf 67' lang='lat' dir='ltr'>le:</span> <span class='ocrx_word' id='word_1_295' title='bbox 870 2944 926 2963; x_wconf 80' lang='lat' dir='ltr'>nec</span> <span class='ocrx_word' id='word_1_296' title='bbox 947 2936 1058 2963; x_wconf 72' lang='lat' dir='ltr'>estimo</span> <span class='ocrx_word' id='word_1_297' title='bbox 1081 2942 1121 2963; x_wconf 83' lang='lat' dir='ltr'>nt.</span> <span class='ocrx_word' id='word_1_298' title='bbox 1216 2936 1262 2969; x_wconf 61' lang='grc' dir='ltr'>ζὶι.</span> <span class='ocrx_word' id='word_1_299' title='bbox 1285 2935 1320 2962; x_wconf 69' lang='grc' dir='ltr'>Βε</span> <span class='ocrx_word' id='word_1_300' title='bbox 1345 2937 1381 2963; x_wconf 67' lang='lat' dir='ltr'>dc·</span> <span class='ocrx_word' id='word_1_301' title='bbox 1404 2935 1588 2963; x_wconf 64' lang='lat' dir='ltr'>seduccionc</span> <span class='ocrx_word' id='word_1_302' title='bbox 1612 2935 1737 2970; x_wconf 75' lang='lat' dir='ltr'>perlida,</span> 
     </span>
    </p>
   </div>
  </div>
 </body>
</html>
