2045 3312
275 237 364 265 CAP.
388 226 471 284 xx]
766 238 826 270 DE
855 239 1090 271 ECCLESIA.

123 359 162 391 M
187 358 261 402 1950
275 346 387 386 laicis
404 356 620 399 tamquam
640 344 892 383 vestimento
911 343 1153 397 qualificato
1172 344 1281 383 varie
1305 344 1386 383 sint
1401 354 1595 384 contexta

276 426 315 456 et
339 406 529 456 matrona
551 416 626 454 ista
645 413 943 453 vestimentum
959 413 1040 453 hoc
1055 413 1218 452 varium
1242 414 1282 452 in
1300 429 1341 454 se
1366 415 1593 466 contexuit,

276 496 389 540 patet
422 486 537 539 quod
572 484 846 538 stragulatam
879 492 1038 523 vestem
1078 483 1174 523 fecit
1213 483 1302 536 sibi,
1342 493 1380 524 et
1413 498 1511 524 cum
1544 485 1593 523 de

275 567 456 611 utroque
502 555 695 595 membro
741 554 823 593 sint
874 554 941 593 alii
987 553 1224 607 virginitate
1277 555 1440 593 candidi
1487 555 1595 596 sicut

242 628 437 681 5byssus,
477 625 544 665 alii
578 633 719 664 autem
753 632 973 663 vernantes
1008 623 1197 663 martirio
1236 633 1455 678 tamquam
1494 639 1591 678 pur-

277 711 396 750 pura,
443 695 634 736 Christus
679 703 822 734 autem
866 694 1046 733 amictus
1095 694 1147 733 sit
1191 703 1372 748 utroque
1416 695 1593 735 istorum

273 766 487 806 luminum
531 765 637 805 sicut
668 764 935 815 vestimento,
984 773 1096 817 patet
1135 765 1250 818 quod
1289 764 1379 818 ipsa
1416 765 1594 805 induens

275 836 492 878 Christum
524 835 649 875 habet
671 835 847 889 byssum
870 843 909 874 et
931 848 1167 888 purpuram
1189 835 1454 887 vestimenta,
1488 835 1594 876 sicut

274 916 312 947 et
356 907 480 946 habet
525 906 574 945 de
619 905 795 945 candida
840 905 982 945 anima
1028 904 1182 945 Christi
1230 915 1269 946 et
1314 905 1402 945 eius
1448 915 1593 946 natura

221 998 258 1020 10
274 991 475 1030 corporea
507 976 727 1016 rubricata.

216 1058 259 1091 12
335 1049 393 1087 Ex
427 1047 512 1088 istis
545 1047 734 1100 sequitur
766 1046 1022 1086 duodecimo
1052 1047 1165 1099 quod
1201 1046 1353 1086 nobilis
1387 1047 1428 1086 in
1455 1049 1594 1099 portis

273 1120 338 1159 vir
360 1119 464 1167 eius,
491 1117 659 1171 quando
681 1117 839 1157 sederit
860 1131 954 1156 cum
978 1117 1250 1157 senatoribus
1273 1123 1409 1165 ter›·e;
1429 1126 1597 1170 oportet

274 1189 386 1229 enim
425 1197 512 1228 tam
557 1202 604 1227 ex
649 1196 764 1241 parte
805 1188 1017 1227 bonorum
1058 1202 1187 1241 quam
1227 1187 1439 1227 malorum
1479 1188 1596 1241 quod

276 1259 351 1300 iste
397 1272 540 1299 cursus
574 1257 701 1298 finem
736 1259 899 1309 habeat,
934 1268 973 1298 et
1005 1272 1078 1311 per
1110 1272 1387 1312 consequens,
1427 1266 1596 1310 oportet

219 1340 255 1372 15
275 1328 340 1384 (ut
373 1329 523 1369 dicitur
547 1329 648 1369 Isaie
678 1330 765 1381 1110,
808 1326 872 1385 14)
907 1330 1023 1382 quod
1055 1330 1122 1369 vir
1153 1329 1291 1368 veniat
1312 1327 1369 1368 ad
1391 1328 1592 1368 iudicium

273 1413 366 1439 cum
392 1399 631 1440 senioribus
656 1400 814 1452 populi
843 1400 924 1440 sui.
948 1400 1071 1440 Unde
1104 1408 1143 1439 et
1166 1399 1340 1439 Matthei
1363 1399 1515 1450 XXV0‚
1542 1398 1587 1437 31

272 1470 442 1509 dicitur:
481 1469 584 1509 Cum
618 1470 779 1510 venerit
796 1469 925 1523 filius
958 1469 1139 1509 hominis
1173 1470 1215 1508 itz
1255 1470 1477 1509 maiestate
1513 1483 1594 1509 sua

272 1547 311 1579 et
354 1552 498 1579 orienes
542 1540 689 1593 angeli
733 1540 821 1579 eius
866 1553 960 1579 cum
1006 1553 1068 1591 eo,
1117 1546 1218 1579 tunc
1260 1539 1424 1579 sedebit
1463 1553 1596 1592 super

271 1609 411 1650 sedem
458 1611 694 1650 maiestatis
735 1623 813 1650 sue
856 1617 896 1650 et
932 1609 1320 1664 congregabuntur
1361 1616 1460 1650 ante
1498 1623 1593 1650 eum

215 1694 418 1723 2001121168
460 1687 622 1734 gentes.
670 1680 808 1720 Locus
856 1689 1000 1720 autem
1045 1680 1186 1719 iudicii
1238 1689 1378 1733 potest
1421 1688 1595 1733 propter

273 1750 509 1804 patenciam
562 1758 600 1789 et
652 1749 873 1789 introitum
917 1750 957 1789 in
1006 1749 1216 1789 civitatem
1257 1749 1470 1802 duplicem
1515 1750 1593 1789 dici

272 1829 407 1875 porte.
442 1821 567 1860 Tunc
600 1820 757 1873 patebit
791 1819 943 1860 Christi
984 1819 1178 1859 nobilitas
1211 1820 1350 1872 primo
1384 1820 1425 1859 in
1460 1819 1595 1860 forma

275 1890 432 1944 duplici
472 1890 612 1943 quoad
646 1903 689 1928 se
721 1890 877 1943 ipsum,
910 1890 1097 1929 secundo
1131 1889 1173 1928 in
1205 1889 1323 1929 totali
1357 1904 1431 1929 sua
1464 1890 1592 1930 eccle-

273 1960 331 2001 sia
376 1960 463 2000 sine
510 1959 675 1999 macula
719 1959 784 1998 vel
829 1974 931 2013 ruga
976 1960 1118 2013 quoad
1151 1973 1271 1999 suam
1305 1959 1521 2011 familiam,
1555 1969 1595 2000 et

217 2030 402 2073 25tercio
436 2030 476 2068 in
511 2029 757 2083 expulsione
790 2029 894 2069 servi
918 2029 1199 2083 dampnabilis
1231 2029 1459 2081 inhonesti,
1494 2029 1591 2083 quia

274 2100 361 2140 eius
395 2099 589 2139 nobilitas
634 2114 719 2139 non
755 2100 852 2139 sinit
885 2099 1250 2140 cohabitacionem
1290 2099 1470 2139 malefici
1503 2099 1594 2139 talis

274 2179 522 2224 perpetuam
578 2184 653 2209 nec
706 2179 867 2210 tantam
926 2170 1123 2210 iniuriam
1174 2169 1445 2224 impunitam.
1511 2169 1594 2209 Sed

274 2254 581 2294 cognoscamus
615 2241 731 2294 quod
771 2240 905 2280 dictus
943 2240 1239 2294 paterfamilias
1279 2240 1422 2294 posuit
1457 2254 1592 2280 excre-

272 2311 479 2350 scenciam
503 2312 552 2350 de
586 2324 761 2364 corpore
785 2324 858 2350 sue
883 2310 1073 2364 coniugis
1095 2311 1136 2350 in
1161 2311 1385 2351 cuiuslibet
1408 2311 1593 2350 hominis

213 2381 400 2422 131ibera
432 2389 651 2434 potestate.
685 2381 784 2420 Ideo
817 2380 1115 2420 terciodecimo
1150 2381 1424 2422 subinfertur:
1479 2381 1592 2433 5]an-

273 2451 423 2490 donem
442 2451 557 2504 fecit
578 2457 617 2490 et
637 2450 824 2490 vendidit
845 2457 884 2490 et
905 2451 1126 2504 cingulum
1151 2450 1329 2491 tradidit
1347 2451 1592 2491 Clzcznczneo.

274 2521 516 2575 Syndonem
587 2520 775 2574 intelligo
845 2520 1085 2560 doctrinam
1156 2521 1440 2574 evangelicam
1512 2535 1595 2574 qua

274 2600 492 2644 tamquam
530 2590 642 2630 lineo
682 2590 936 2630 vestimento
979 2590 1209 2643 purissimo
1243 2599 1283 2630 et
1315 2590 1593 2630 subtilissimo

274 2660 440 2700 animus
464 2660 675 2700 induatur.
705 2660 906 2700 Vendidit
927 2668 1071 2700 autem
1103 2660 1306 2713 spirituali
1329 2660 1592 2712 vendicione,

326 2803 346 2822 1.
366 2796 395 2824 A
414 2797 471 2831 Al:
491 2800 575 2824 sunt.
673 2805 702 2830 4.
718 2797 745 2824 A
760 2797 817 2831 Al:
833 2800 915 2824 sunt.
1009 2797 1038 2825 6.
1059 2796 1100 2824 B:
1121 2796 1250 2825 amicus.
1348 2804 1388 2823 12.
1411 2796 1451 2823 13:
1467 2795 1593 2831 quando

272 2841 400 2869 dederit.
515 2842 559 2870 28.
575 2850 621 2879 29.
638 2843 896 2870 excresceneiam.
917 2843 963 2870 A:
985 2848 1106 2877 exc⁵¹¹¹¹¹;
1128 2843 1168 2871 B:
1189 2841 1402 2870 existentibus.
1478 2842 1524 2876 34.
1547 2842 1590 2869 B:

272 2892 375 2915 autem
396 2905 427 2908 —
447 2889 484 2916 ad
505 2889 599 2916 deest.

1670 1053 1768 1082 Vei-se
1789 1055 1831 1082 23.

1624 1089 1729 1117 Christ
1748 1089 1808 1116 will
1830 1090 1868 1117 sit

1629 1125 1658 1152 in
1680 1125 1731 1151 the
1750 1130 1819 1159 gato
1840 1130 1869 1152 at

1658 1160 1708 1186 the
1730 1160 1789 1196 day
1808 1159 1842 1186 of

1664 1195 1838 1230 judgment.

1662 2398 1760 2427 Verse
1782 2407 1830 2434 24.

1656 2433 1725 2461 The
1748 2434 1830 2461 liner]

1652 2474 1795 2503 garment
1814 2469 1839 2496 is

1651 2504 1839 2531 evanoelical

1668 2525 1822 2573 teacffiing.
