2045 3312
146 250 226 289 240
859 250 1084 284 ,IOHANNIS
1110 252 1304 284 wverrir.
1586 240 1692 298 [CAP.
1708 253 1760 281 xi.

146 406 153 426 Ι
183 353 505 426 iffiissessiffiihhnlcx
540 354 642 394 illud
677 355 940 408 exprimeret,
975 358 1044 396 sed
1079 357 1176 397 facit
1198 358 1448 411 oppositum
1472 373 1569 399 cum
1595 373 1761 400 servum
1783 370 1900 405 162'’1

154 416 409 503 fgsspsskliffissj
440 424 575 464 eciam
610 425 858 466 existentem
909 427 948 465 in
997 427 1135 480 gracia
1178 428 1300 468 docet
1341 429 1552 469 extrahere
1587 438 1626 470 et
1657 430 1761 470 alios

161 503 405 566 ἱῑΙΤΞ-ιηχικῑὲρέὴῑῖῐ
438 494 690 536 criminosos
732 497 858 536 docet
896 496 1084 536 libertate
1118 499 1311 551 gaudere.
1347 498 1426 538 Hic
1460 498 1612 539 dicitur
1643 501 1760 554 quod

217 572 344 601 ‘tende-1·
438 565 534 618 plus
567 580 745 619 peccans
781 576 841 607 est
873 567 923 606 de
947 567 1115 608 racione
1138 569 1233 621 plus
1256 569 1477 622 elongatus
1510 584 1533 609 a
1565 569 1760 623 suffragio

436 636 620 687 ecclesie,
654 636 750 677 licet
783 636 954 677 ecclesia
987 651 1034 676 ex
1066 638 1310 691 ignorancia
1340 639 1575 693 gravedinis
1600 640 1758 693 peccati
1778 652 1793 683 ᾗ

436 707 498 745 vel
534 720 581 746 ex
614 707 891 760 percepcione
925 707 1107 761 planiori
1140 708 1289 749 iniurie
1311 710 1376 749 vel
1408 710 1487 749 alia
1520 724 1643 750 causa
1671 711 1757 750 cul-

434 777 559 829 pabili
594 776 674 816 hoc
708 777 926 832 dispariter
967 788 1258 834 prosequatur.
1305 780 1416 819 Nam
1455 780 1485 819 si
1525 781 1757 821 secundum

435 848 525 888 iura
557 848 742 888 humana
777 859 816 890 et
849 850 1127 891 ecclesiastica
1159 851 1324 892 licitum
1347 851 1600 891 racionabile
1633 860 1759 905 atque

434 919 674 973 legitimum
721 929 781 960 est
826 920 1037 961 extrahere
1082 935 1248 961 servum
1293 931 1419 975 atque
1464 922 1662 961 libertum
1710 921 1759 960 de

436 990 607 1030 ecclesia
647 1004 724 1043 pro
766 990 909 1031 debito
943 991 1082 1045 operis
1121 991 1410 1045 impendendo
1444 992 1621 1032 domino
1654 1001 1818 1035 tem-10

434 1060 566 1113 porali
607 1058 672 1116 (ut
709 1070 823 1113 patet
871 1061 1056 1115 capitulo
1103 1062 1171 1101 De
1208 1062 1291 1102 hiis
1322 1063 1397 1115 qui
1433 1061 1490 1102 ad
1534 1062 1758 1103 ecclesiam

205 1148 356 1174 Answer:
421 1130 628 1185 fugiunt,
647 1131 697 1171 le.
717 1130 793 1185 fi.),
817 1131 848 1170 si
865 1132 1005 1171 omnis
1029 1132 1283 1172 indebitatus
1306 1132 1502 1186 proximo
1525 1132 1567 1172 in
1583 1131 1761 1186 pecunia

172 1182 386 1253 iiaiogffpss’ess
436 1201 501 1241 vel
533 1215 793 1255 quocunque
816 1202 939 1242 debet
972 1202 1194 1242 servicium
1218 1202 1517 1242 satisfaccionis
1551 1203 1628 1242 sub
1651 1216 1759 1256 pena

232 1253 325 1280 wem.
435 1271 752 1325 dampnacionis
785 1271 961 1311 domino
995 1272 1283 1323 dominorum,
1319 1286 1416 1326 ergo
1450 1272 1588 1312 multo
1624 1271 1758 1325 magis

434 1342 529 1382 licet
561 1356 660 1382 eum
690 1341 903 1382 extrahere
942 1343 992 1382 de
1026 1342 1210 1393 ecclesia,
1255 1342 1286 1381 si
1335 1343 1483 1382 exhinc
1513 1351 1662 1396 pauset
1694 1342 1755 1380 in·
1779 1353 1815 1385 15

437 1413 637 1453 obediens
671 1415 721 1452 ad
755 1414 1019 1453 reddendum
1052 1413 1277 1452 servicium
1309 1412 1392 1467 regi
1424 1427 1584 1467 regum.
1618 1412 1758 1451 Minor

434 1492 547 1535 patet
579 1498 625 1523 ex
659 1484 740 1524 hoc
770 1485 887 1537 quod
908 1484 1048 1523 omnis
1081 1484 1214 1523 homo
1239 1492 1300 1523 est
1322 1483 1455 1536 magis
1487 1496 1629 1523 servus
1652 1483 1756 1528 Deo,

433 1553 528 1606 plus
562 1554 725 1593 debitor
757 1564 796 1594 et
828 1554 941 1607 prius
978 1567 1109 1607 quam
1148 1553 1297 1607 aliquis
1335 1567 1477 1593 servus
1511 1562 1572 1593 est
1594 1552 1758 1592 debitor

433 1623 610 1663 domino
650 1624 886 1677 temporali.
937 1625 1060 1664 Unde
1091 1624 1326 1677 Apostolus
1360 1623 1514 1676 EpheS.
1560 1623 1649 1672 V10,
1697 1623 1755 1673 5⁰,

432 1694 554 1732 docet
584 1707 735 1733 servos
767 1694 940 1734 obedire
973 1694 1157 1734 dominis
1185 1694 1439 1733 carnalibus
1472 1706 1567 1733 cum
1601 1695 1754 1733 timore
1773 1715 1815 1736 20

431 1770 471 1804 et
502 1770 706 1814 tremore,
739 1765 850 1805 sicut
875 1764 1056 1816 Christo,
1079 1765 1313 1805 servientes
1335 1765 1445 1804 sicut
1466 1763 1638 1804 domino
1670 1776 1753 1803 non

433 1834 689 1874 hominibus.

492 1904 779 1945 Confirmatur
797 1904 935 1958 primo
959 1918 1033 1958 per
1054 1904 1135 1945 hoc
1159 1905 1288 1959 quod,
1305 1904 1412 1944 sicut
1434 1904 1566 1944 homo
1588 1912 1755 1944 tenetur
1770 1923 1795 1947 a
1821 1915 1856 1948 Κ

435 1976 529 2029 plus
562 1976 702 2016 Deum
734 1975 904 2028 diligere
937 1989 1068 2029 quam
1100 1989 1141 2014 se
1174 1975 1331 2028 ipsum,
1372 1974 1428 2014 sic
1461 1983 1627 2014 tenetur
1659 1974 1754 2027 plus

434 2046 549 2086 odire
584 2045 659 2085 Dei
698 2046 909 2097 iniuriam,
944 2046 1055 2085 unde
1087 2045 1256 2096 XX111a‚
1289 2059 1329 2099 q.
1364 2045 1418 2085 IV
1452 2044 1508 2084 sic
1542 2044 1754 2084 scribitur:
1775 2056 1813 2088 25

434 2117 479 2155 Si
510 2129 560 2155 ea
599 2117 650 2156 de
678 2116 833 2169 quibus
865 2117 1135 2156 vehementer
1165 2116 1289 2155 Deus
1321 2114 1569 2168 offenditur,
1593 2115 1760 2167 insequi

432 2187 498 2226 vel
542 2187 693 2226 ulcisci
729 2185 983 2240 deferimus,
1037 2186 1094 2225 ad
1138 2185 1415 2224 irascendum
1467 2185 1611 2236 utique
1649 2185 1756 2224 divi-

434 2258 581 2297 nitatis
601 2256 909 2310 ³³³pacienciam
927 2267 1238 2309 provocamus.
1262 2255 1458 2294 Secundo
1483 2252 1758 2293 confirmatur
1777 2264 1852 2298 162⁰
1884 2266 1908 2298 h

433 2341 480 2367 ex
526 2328 605 2367 hoc
649 2327 765 2381 quod
799 2326 1030 2367 secundum
1074 2326 1186 2379 leges
1224 2325 1431 2364 humanas
1468 2323 1562 2364 lesis
1597 2333 1636 2364 et
1669 2337 1754 2363 non

485 2465 509 2493 3.
531 2466 557 2492 A
580 2465 608 2491 in
631 2472 745 2498 marga
766 2462 955 2498 Responsio.
1073 2462 1100 2490 6.
1124 2462 1162 2489 B:
1187 2462 1216 2489 in
1239 2462 1319 2496 iure;
1341 2461 1368 2489 A
1389 2460 1513 2496 culpali.
1621 2468 1654 2488 ιῐ.
1676 2463 1702 2488 Α
1717 2460 1753 2488 Β;

434 2515 516 2547 patet
550 2511 612 2544 Co;
652 2511 727 2538 ibid.
759 2511 796 2538 le.
824 2511 850 2537 li.
879 2510 909 2537 id
941 2514 987 2537 est
1022 2509 1087 2544 lege
1121 2509 1179 2536 fine
1209 2509 1288 2544 (lege
1323 2508 1352 2535 in
1384 2508 1454 2542 line)
1483 2507 1524 2534 ib.
1555 2507 1610 2534 sed
1640 2507 1755 2534 omnis.

437 2559 473 2586 115.
497 2558 536 2584 15:
559 2565 752 2593 quocunque
773 2557 846 2584 alio.
920 2555 961 2584 25.
983 2557 1010 2584 A
1030 2556 1087 2591 Λμ
1108 2555 1198 2583 Unde
1219 2558 1314 2582 deest.

496 2665 545 2686 ιι.
575 2655 698 2685 Decret
733 2651 891 2695 Gregorii
923 2653 977 2694 IX,
1008 2651 1065 2684 lib.
1098 2652 1164 2693 ΙΙΙ,
1195 2650 1244 2683 tit.
1272 2650 1393 2689 XLIX,
1413 2660 1488 2693 cap.
1509 2650 1583 2681 Vl.:
1610 2650 1644 2681 Si
1670 2659 1754 2681 vero

434 2723 556 2745 servus
578 2712 680 2743 suerit
706 2711 764 2754 qui
785 2712 981 2753 confugerit
999 2711 1040 2742 ad
1061 2709 1258 2749 ecclesiam,
1278 2715 1466 2752 postquam
1487 2708 1528 2738 de
1549 2707 1753 2749 impunitate

434 2783 495 2803 sua
520 2771 686 2803 dominus
717 2771 791 2801 eius
825 2768 959 2802 clericis
992 2770 1224 2801 iuramentum
1253 2765 1471 2810 praestiterit,
1498 2765 1538 2796 nd
1568 2765 1752 2796 servicium

434 2830 566 2862 domini
607 2831 658 2861 sui
692 2829 803 2861 redire
843 2828 1066 2871 compellitur
1105 2828 1207 2858 etiam
1241 2824 1378 2856 invitus.
1526 2823 1577 2855 25.
1617 2824 1699 2855 Dec.
1727 2824 1753 2855 Il

434 2900 523 2932 pars,
557 2899 659 2920 causa
686 2888 802 2925 XXIII,
832 2898 905 2929 cap.
934 2888 971 2918 L.
