2045 3312
211 266 300 294 cAp.
322 252 434 311 xxm]
709 267 768 299 DE
796 266 1032 300 ECCLESIA.

61 376 256 421 0200“I1]
293 375 489 428 paradiso
529 382 672 413 autem
714 372 817 413 nihil
850 381 1097 426 operantur,
1145 371 1242 424 quia
1292 372 1432 411 anime
1477 371 1534 411 ibi

216 445 443 484 existentes
491 457 576 483 non
617 452 742 496 egent
790 443 945 482 nostris
986 441 1195 494 suffragiis
1236 442 1306 481 sed
1348 450 1532 482 econtra.

166 526 201 560 D
274 514 486 563 Quintum
546 523 586 554 et
637 515 837 554 ultimum
899 513 1170 552 mendacium
1224 521 1287 552 est
1338 512 1534 565 accepcio

217 585 447 625 testimonii
486 584 718 637 Augustini
752 585 803 623 de
847 583 1068 635 refrigerio
1116 582 1448 635 dampnatorum
1496 590 1536 622 et

180 656 354 709 5primo
388 669 461 708 per
491 655 594 694 illud
629 654 907 694 Enchiridion
932 652 1041 703 CX0,
1066 653 1138 692 ubi
1170 652 1271 692 dicit
1303 653 1418 706 quod
1453 665 1536 691 me-

217 725 418 765 diocriter
450 724 572 764 malis
606 725 679 777 qui
713 732 814 764 sunt
847 723 1069 776 dampnati
1103 731 1285 776 prosunt
1318 721 1534 775 suffragia,

216 806 255 835 et
294 796 431 848 glossa
465 795 639 847 exponit
683 794 807 834 istam
855 793 1249 847 quadrimembrem
1283 793 1537 832 divisionem

216 866 333 919 quod
373 879 458 904 non
498 874 562 904 est
599 865 809 904 orandum
851 877 928 917 pro
962 863 1084 902 valde
1125 863 1249 902 bonis
1295 877 1371 903 nec
1417 864 1538 903 valde

218 936 358 988 malis;
393 949 477 975 non
512 949 590 988 pro
622 936 744 974 valde
779 934 915 987 bonis,
950 934 1049 987 quia
1083 934 1225 973 statim
1261 933 1465 973 advolant
1498 943 1539 974 et

163 1003 285 1060 10(ut
323 1006 480 1045 dicitur
515 1006 624 1045 libro
666 1005 757 1056 1110,
792 1005 855 1043 De
889 1004 1267 1044 Celebracionibus
1297 1004 1537 1054 Missarum,

121 1085 204 1119 200b
223 1076 330 1116 Cum
365 1074 560 1130 Mar-the)
610 1076 809 1115 iniuriam
832 1073 855 1096 ³⁶
881 1074 980 1114 facit
1020 1074 1184 1113 martiri
1231 1075 1301 1128 qui
1336 1083 1429 1113 orat
1461 1088 1540 1127 pro

219 1147 414 1198 martire3
461 1159 535 1185 nec
576 1159 651 1199 pro
685 1146 805 1184 valde
840 1145 975 1191 malis,
1022 1144 1122 1198 quia
1164 1157 1249 1184 non
1290 1154 1541 1184 meruerunt

221 1216 279 1256 sic
313 1217 461 1256 iuvari.
497 1216 772 1256 Mediocriter
805 1229 906 1255 vero
941 1214 1064 1254 bonis
1097 1224 1293 1268 prosunt,
1328 1224 1375 1255 ut
1409 1216 1537 1255 cicius

220 1287 452 1327 liberentur
499 1287 552 1325 ab
597 1287 693 1339 igne
734 1286 982 1339 purgatorio
1023 1294 1063 1325 et
1101 1285 1374 1325 mediocriter
1420 1286 1542 1325 malis

168 1367 203 1400 15
221 1367 402 1410 prosunt
435 1366 481 1396 ut
514 1357 664 1396 micius
697 1357 945 1409 puniantur,
980 1369 1201 1409 nunquam
1226 1364 1367 1395 tamen
1392 1355 1542 1395 libera-

221 1428 393 1467 buntur.
431 1427 494 1466 Ex
526 1440 612 1480 quo
646 1436 762 1479 patet
794 1427 911 1480 quod
946 1426 1157 1465 orandum
1204 1434 1267 1465 est
1306 1427 1545 1479 specialiter

221 1510 299 1550 pro
333 1498 411 1537 illis
445 1498 518 1550 qui
553 1497 825 1536 decesserunt
866 1496 905 1536 in
949 1497 1133 1545 mortali,
1181 1496 1419 1535 dummodo
1459 1510 1542 1535 non

224 1568 307 1607 sint
330 1568 452 1608 valde
486 1567 584 1607 mali
618 1568 683 1607 vel
716 1580 884 1607 summe
918 1567 1031 1606 mali.
1066 1566 1149 1606 Sed
1184 1566 1347 1607 dictum
1383 1575 1446 1606 est
1478 1581 1545 1606 su—

226 1639 369 1691 perius
422 1638 461 1677 in
518 1647 673 1691 quarto
738 1646 984 1677 commento
1048 1637 1258 1676 mendacii
1322 1637 1545 1690 quomodo

168 1728 210 1750 20
227 1709 421 1748 doctores
456 1717 544 1748 tam
578 1707 765 1760 theologi
799 1721 929 1761 quam
962 1708 1065 1747 iuris
1099 1707 1291 1747 canonici
1325 1717 1547 1761 exponunt

228 1787 462 1831 utrumque
502 1779 744 1818 membrum
779 1778 1050 1818 mediocriter
1089 1779 1303 1817 bonorum
1345 1787 1385 1818 et
1418 1778 1548 1817 malo-

227 1862 321 1888 rum
356 1849 407 1888 de
440 1849 740 1902 predestinatis
780 1849 820 1887 in
862 1848 1111 1901 purgatorio
1149 1848 1436 1900 penitenciam
1479 1862 1546 1887 ex-

227 1918 510 1971 pectantibus.
546 1919 754 1967 Quamvis
789 1918 900 1957 enirn
935 1932 1084 1957 omnes
1119 1918 1175 1957 illi
1208 1918 1293 1957 sint
1326 1926 1411 1957 tam
1449 1919 1547 1957 boni

229 2002 357 2042 quam
391 1990 491 2028 mali
515 1998 555 2028 et
577 1989 628 2028 ad
652 2002 805 2042 penam
831 1989 1109 2041 temporalem
1135 1988 1368 2041 dampnati,
1406 1998 1546 2028 tamen

173 2069 211 2100 25
229 2060 306 2098 alia
327 2068 389 2099 est
408 2059 520 2098 racio
539 2073 622 2113 qua
646 2068 745 2099 sunt
771 2059 886 2109 boni,
907 2068 946 2098 et
970 2059 1048 2098 alia
1072 2059 1186 2099 racio
1210 2072 1292 2112 qua
1317 2067 1418 2098 sunt
1436 2059 1548 2111 mali,

230 2130 339 2169 sicut
367 2130 446 2169 alia
480 2138 542 2169 est
581 2130 694 2169 racio
726 2143 811 2183 qua
843 2130 1092 2183 simpliciter
1128 2129 1364 2169 liberantur
1397 2138 1437 2169 et
1470 2130 1549 2168 alia

232 2201 343 2239 racio
359 2213 442 2253 qua
459 2199 608 2239 micius
624 2200 876 2253 puniuntur.
896 2201 982 2239 Nec
1001 2200 1112 2239 valet
1128 2199 1237 2239 dicta
1254 2200 1389 2252 logica
1413 2200 1550 2251 glosse

234 2271 493 2323 communis,
538 2283 633 2309 cum
670 2270 774 2309 nihil
807 2271 861 2309 sit
894 2283 1062 2309 summe
1094 2270 1257 2309 malum
1291 2270 1370 2309 nisi
1405 2283 1548 2323 pecca-

234 2350 342 2392 tum,
376 2342 442 2381 vel
476 2340 584 2380 forte
616 2341 782 2394 primus
815 2349 1012 2394 apostata
1051 2353 1147 2379 cum
1183 2340 1384 2379 omnibus
1419 2353 1549 2380 mem-

176 2418 219 2450 30
235 2412 319 2451 bris
352 2411 460 2462 suis;
506 2411 622 2464 quod
663 2411 696 2450 si
737 2424 821 2450 non
860 2411 913 2450 sit
952 2411 1162 2450 orandum
1198 2424 1276 2463 pro
1322 2411 1426 2463 istis,
1467 2424 1551 2450 non

236 2490 297 2521 est
319 2482 529 2521 orandum
555 2495 631 2534 pro
656 2482 863 2534 prescit03
898 2490 938 2521 et
972 2482 1085 2520 idem
1118 2490 1296 2534 apparet
1329 2482 1369 2521 in
1404 2481 1551 2520 eadem

236 2553 459 2605 questione
499 2565 590 2605 cap.
635 2552 719 2592 Pro
752 2552 1019 2605 obeuntibus,
1067 2551 1138 2591 ubi
1177 2553 1257 2592 sub
1298 2552 1552 2591 auctoritate

237 2622 347 2662 beati
389 2622 585 2673 Gregorii
628 2622 846 2662 decretum
895 2622 953 2661 sic
998 2622 1208 2675 quuitur:
1258 2622 1470 2676 Congruit
1510 2629 1555 2661 ut

230 2706 313 2747 pro
346 2694 526 2733 mortuis
558 2693 776 2733 catholicis
806 2692 1012 2732 sacerdos
1052 2693 1306 2732 memoriam
1328 2691 1478 2745 saciat
1515 2698 1555 2732 ct

289 2830 318 2853 4.
349 2820 377 2847 A
410 2820 439 2847 in
473 2827 587 2854 marg:
617 2818 823 2854 Augustinus.
968 2818 992 2845 5.
1026 2819 1058 2845 In
1090 2818 1201 2846 codd.:
1222 2817 1383 2845 Euchirid.
1414 2816 1552 2844 CXXIV.

299 2917 350 2948 31.
377 2916 476 2948 Decr.
504 2926 572 2947 sec.
599 2925 690 2958 pars,
716 2924 820 2946 causa
845 2914 932 2954 XIII,
960 2924 993 2956 q.
1021 2914 1060 2954 II,
1087 2924 1160 2956 cap.
1187 2913 1274 2944 XXI.

1743 252 1819 293 523

1566 521 1633 549 The
1655 520 1718 549 fifth
1739 520 1799 548 and

1613 557 1671 584 last
1691 556 1768 583 false

1551 591 1716 627 allegation
1742 591 1769 618 is
1795 590 1830 618 of

1595 625 1780 661 Augustine.
