2045 3312
318 278 407 307 CAP.
429 265 528 325 xm]
812 277 872 308 DE
900 275 1135 309 ECCLEstA.
1846 263 1928 315 453

166 399 206 434 Κ
226 395 416 443 mutate,
442 387 520 427 sub
536 384 737 440 precarie
760 384 928 422 nomine
942 382 1417 436 debeatprofessionenz
1439 382 1639 430 scribere,

321 474 371 499 ne
400 472 484 512 per
527 455 807 496 retencionenz
854 453 1104 493 diuturnam
1153 453 1439 506 preiudicium
1485 452 1644 505 dfferat

319 529 504 577 ecclesie,
538 534 577 567 et
606 527 846 579 quicunque
877 525 917 564 in
955 537 1035 564 usu
1066 525 1307 577 perceperit
1338 523 1455 563 debet
1485 524 1643 563 utiliter

321 600 532 650 laborare,
580 604 625 636 ut
669 609 743 636 nec
785 609 854 635 res
899 595 1028 634 divini
1073 595 1180 634 iuris
1227 593 1453 634 videantur
1495 594 1641 646 aliqua

287 670 538 712 §occasione
583 667 747 720 negligi
790 672 829 706 et
873 672 918 704 ut
959 665 1196 705 subsidium
1247 664 1299 704 ab
1356 664 1532 704 ecclesia
1576 664 1645 703 cui

320 740 561 780 deserviunt
584 737 808 791 percipere
832 737 1001 789 possint
1031 736 1187 778 clerici.
1226 735 1351 784 Quod
1380 735 1419 774 si
1449 734 1543 787 quis
1576 747 1643 773 eo-

320 824 417 851 rum
450 808 747 861 contempserit
762 807 935 861 facere,
969 807 1058 859 ipse
1088 820 1135 847 se
1172 805 1379 859 stipendio
1416 818 1494 845 suo
1534 804 1643 844 vide—

320 882 433 921 bitur
456 880 648 933 privare.

228 959 305 1005 191¹³
380 952 471 990 Iura
503 958 646 989 autem
679 958 839 999 nature,
858 946 990 987 *riusa
1023 947 1228 1000 scripture
1274 955 1313 986 et
1354 946 1444 986 iura
1477 945 1647 985 ecclesie
1674 955 1704 983 in
1726 955 1827 982 which
1849 963 1920 982 case

269 1041 306 1063 10
322 1029 609 1061 contestantur
630 1019 747 1073 quod
778 1017 1080 1058 ecclesiasticus
1110 1017 1288 1056 omnino
1306 1016 1506 1056 omittens
1529 1016 1645 1055 labo·
1674 990 1928 1053 {iiiutlassgbsiffiffi

320 1106 408 1132 rare
440 1090 695 1145 pertinenter
725 1089 775 1128 ad
804 1103 929 1128 suum
961 1087 1152 1127 officium
1185 1101 1273 1127 non
1308 1087 1431 1127 debet
1461 1086 1647 1139 accipere
1692 1065 1744 1088 not
1765 1061 1802 1088 be
1824 1060 1906 1095 pam.

322 1178 345 1202 a
388 1161 563 1202 subditis
596 1160 748 1214 quibus
794 1172 881 1198 non
919 1158 1085 1212 proficit
1128 1159 1198 1198 sed
1243 1157 1374 1198 officit
1416 1156 1648 1210 temporale

324 1232 598 1286 stipendium,
639 1230 737 1284 quia
769 1239 869 1270 tunc
902 1230 1101 1269 deberent
1132 1228 1225 1268 laici
1265 1228 1500 1268 conducere
1545 1240 1646 1280 apo-

324 1313 449 1343 statas
481 1303 534 1341 ad
567 1301 624 1340 eis
658 1301 913 1341 nocendum.

277 1384 309 1416 L
382 1374 463 1414 Sed
498 1373 563 1428 (ut
595 1385 693 1425 sepe
726 1369 860 1424 tetigi)
891 1369 1114 1410 contencio
1148 1378 1208 1408 est
1248 1368 1342 1422 quis
1375 1376 1649 1421 exequeretur
1726 1378 1793 1405 The
1815 1379 1877 1405 real

325 1443 662 1483 subtr-accionem
690 1442 818 1482 talem
850 1441 1020 1491 iustam,
1054 1448 1093 1479 et
1124 1440 1290 1479 videtur
1311 1438 1415 1478 mihi
1440 1452 1526 1477 non
1561 1452 1649 1477 esse
1664 1419 1807 1476 qssiiiffli'ci
1822 1413 1939 1475 &alil-1⁰

324 1524 490 1555 tantum
524 1520 848 1563 sacramentum,
890 1510 990 1564 quin
1030 1510 1088 1549 illi
1122 1509 1193 1563 qui
1224 1509 1485 1562 stipendium
1521 1508 1647 1548 mini-
1726 1483 1881 1553 ‘iiiiigntsi112e

325 1584 481 1625 strandi
515 1582 752 1623 conferrent
774 1581 937 1621 vacanti
961 1580 1264 1632 subtraherent,
1298 1594 1373 1619 nec
1396 1588 1520 1619 nocet
1551 1555 1803 1617 fide-Isaythe
1815 1560 1938 1590 patron.

325 1656 433 1694 libus
466 1652 855 1694 excommunicacio
878 1652 944 1691 Vel
966 1665 1139 1691 censura
1171 1650 1251 1690 alia
1282 1650 1323 1689 in
1347 1650 1423 1689 hac
1447 1658 1561 1702 parte
1585 1647 1650 1704 (ut

270 1745 310 1766 20
327 1734 441 1779 patet
471 1726 559 1773 XF,
593 1739 632 1778 q.
669 1725 733 1764 III.
785 1722 1007 1771 Quomodo
1036 1719 1275 1775 sacerdos).
1322 1720 1513 1760 Sumitur
1549 1733 1640 1773 pre-

327 1796 435 1836 caria
467 1809 579 1836 nunc
611 1794 748 1834 stricte
783 1806 858 1846 pro
883 1793 997 1832 dono
1020 1792 1087 1830 vel
1109 1790 1321 1844 stipendio
1346 1790 1572 1843 temporali
1598 1791 1650 1829 ad

330 1880 471 1920 preces
504 1864 691 1904 hominis
724 1877 801 1917 pro
834 1872 1025 1915 tempore
1057 1861 1252 1913 limitato,
1298 1870 1337 1900 et
1381 1874 1493 1900 nunc
1538 1860 1650 1913 large

333 1951 408 1990 pro
457 1948 711 1990 quacunque
755 1933 992 1973 donacione
1035 1931 1227 1986 gratuita,
1274 1932 1406 1971 eciam
1449 1940 1651 1984 perpetua

334 2007 475 2061 quoad
507 2005 775 2046 usufructum
807 2004 1009 2043 donatore
1038 2011 1271 2041 reservante
1299 2015 1427 2054 penes
1450 2016 1491 2041 se
1515 2002 1650 2041 domi-

273 2085 311 2116 25
332 2078 464 2129 nium,
504 2086 543 2116 et
574 2076 632 2115 sic
665 2076 707 2114 in
739 2074 950 2128 primitiva
982 2072 1153 2113 ecclesia
1186 2081 1274 2113 tota
1307 2072 1474 2112 dotacio
1509 2086 1649 2112 cense-

331 2149 452 2188 batur
495 2145 692 2200 precaria,
737 2159 788 2184 ne
831 2143 1150 2183 elemosinarius
1192 2143 1465 2196 prescriberet
1509 2151 1652 2182 contra

329 2228 578 2271 patronum3
603 2217 645 2256 in
668 2215 831 2256 defectu
854 2228 952 2254 vero
977 2213 1103 2254 officii
1136 2227 1223 2253 non
1256 2213 1366 2253 cadit
1398 2213 1651 2266 prescripcio

331 2289 437 2328 sicut
469 2301 544 2327 nec
576 2287 622 2327 fit
654 2285 903 2340 prescripcio
937 2292 1081 2324 contra
1113 2285 1265 2325 Deum.

391 2359 444 2398 Et
497 2372 544 2397 ex
596 2358 683 2397 istis
735 2366 879 2410 patent
924 2368 1084 2395 errores
1130 2353 1272 2394 multi:
1319 2353 1507 2402 Quidam
1540 2355 1653 2393 enim

276 2437 318 2468 30
334 2429 500 2482 fingunt
533 2428 648 2482 quod
681 2427 713 2466 si
747 2427 982 2466 secundum
1003 2425 1113 2478 leges
1143 2424 1351 2464 humanas
1383 2424 1653 2464 testificatum

387 2603 411 2630 5.
432 2601 465 2628 In
488 2601 617 2629 decret.:
641 2600 754 2635 negligi
775 2604 803 2626 et
823 2598 1011 2626 subsidium.
1156 2598 1183 2625 ὁ.
1207 2598 1339 2625 deservit
1360 2598 1390 2624 in
1411 2597 1502 2624 codd.
1525 2595 1653 2624 Correxi

335 2658 350 2677 e
372 2649 514 2677 decretali
547 2657 641 2684 supra
675 2651 857 2675 memorata.
1000 2653 1039 2673 21.
1072 2646 1100 2673 A
1122 2646 1151 2672 in
1185 2653 1302 2681 marg:
1335 2644 1476 2673 I‘recaria
1503 2643 1654 2678 accipitur

335 2719 499 2754 dupliciter
524 2720 574 2754 <
594 2704 620 2769 2¹.
727 2716 773 2745 28.
794 2718 833 2744 B:
856 2717 943 2746 Sicut
965 2733 994 2737 —
1017 2717 1208 2752 prescripcio
1229 2716 1324 2744 deest.
1452 2722 1499 2751 29.
1520 2715 1549 2741 A
1575 2714 1595 2741 B
1622 2714 1653 2741 in

336 2798 451 2825 marg:
473 2790 595 2817 Primus
616 2796 711 2817 error.

399 2930 452 2952 20.
478 2920 579 2952 Decr.
605 2930 673 2952 sec.
699 2928 793 2962 pam,
820 2929 911 2950 caus.
939 2919 994 2959 XI,
1022 2929 1054 2960 q.
1082 2918 1137 2957 111,
1164 2927 1237 2959 cap.
1264 2916 1383 2948 XLIV.
