2045 3312
114 748 181 775 The
206 748 309 784 clergy
330 747 365 775 of

116 783 165 810 the
188 783 225 809 O.
246 783 284 810 T.
307 791 370 810 was

130 818 248 845 liniited
269 826 302 845 as
322 823 353 845 to

121 855 201 880 what
223 853 362 891 irmiglit

177 896 307 916 receive.

140 1881 230 1907 Unel}
256 1888 340 1907 more

152 1917 262 1943 should
284 1918 333 1942 111e

106 1952 209 1986 clergy
230 1950 264 1977 οἵ
277 1950 379 1977 Christ

106 1992 149 2013 set
174 1995 210 2013 an
240 1987 381 2020 example

136 2021 170 2048 os
190 2021 350 2048 nnworld-

187 2056 292 2084 liness.

820 285 1045 317 JOHANNJS
1072 286 1269 319 WYCLIF.
1507 273 1614 331 [CAR
1634 285 1713 313 Xlll.

393 390 462 444 qui
498 390 728 444 privilegi-ut
761 391 861 431 citra
883 389 1045 430 Deum?
1080 392 1218 432 Locus
1242 393 1356 432 enim
1387 408 1410 433 a
1441 393 1813 438 similitudinem&
1836 407 1869 439 F

393 475 440 500 ex
473 461 563 513 lege
594 461 720 501 veteri
754 461 834 502 hoc
867 475 954 501 non
988 461 1113 515 petit;
1153 472 1233 503 stet
1265 463 1398 503 homo
1431 464 1473 502 in
1511 464 1716 504 limitibus

395 531 598 584 privilegii
652 531 777 571 unius
831 545 1010 584 persone
1056 541 1096 572 et
1138 542 1239 572 tunc
1291 533 1460 574 limitari
1522 534 1718 574 convenit

393 601 578 656 regimen
625 602 799 654 plenum
845 601 956 641 illius
1002 602 1206 656 privilegii
1239 604 1291 642 ad
1330 603 1446 643 illam
1490 618 1714 657 personam

393 671 657 725 singulariter
689 673 1006 712 concedentem.
1734 686 1750 718 5

453 742 605 782 Tercio
646 751 810 782 notaret
842 742 898 782 sic
931 756 1108 797 arguens
1143 745 1361 797 quomodo
1396 744 1529 784 clerus
1568 746 1717 786 veteris

394 812 648 864 testamenti,
694 813 866 866 quando
911 813 1012 853 vixit
1045 814 1274 866 carnaliter,
1315 814 1520 855 limitatus
1554 826 1614 856 est
1645 831 1719 870 per

393 883 533 923 Deum
576 883 663 922 sine
702 883 970 923 solicitudine
1015 884 1120 924 circa
1166 895 1396 938 proventus
1432 886 1496 925 vel
1531 887 1718 927 redditus

394 952 628 1006 adquisitos
661 953 727 992 vel
761 954 880 993 datos
903 953 1164 1005 humanitus,
1199 955 1301 1009 quid
1330 956 1379 996 de
1410 956 1754 1009 oblacionibus‚0

395 1023 595 1075 primiciis
638 1023 702 1062 vel
737 1023 832 1064 loco
864 1024 916 1064 ad
948 1023 1272 1066 inhabitandum
1304 1027 1517 1080 percipiet,
1556 1037 1716 1081 quanto
1737 1049 1776 1070 10

394 1093 529 1146 magis
582 1094 715 1133 clerus
777 1093 1002 1147 spiritualis
1061 1095 1216 1135 Christi
1267 1097 1463 1150 pauperis
1516 1108 1556 1138 et
1600 1099 1718 1152 egeni

399 1164 636 1204 excluderet
674 1178 716 1203 se
757 1163 943 1205 striccius
975 1179 998 1204 a
1030 1165 1319 1206 mundialibus
1351 1167 1400 1206 de
1439 1167 1648 1208 alimentis
1681 1178 1720 1209 et

398 1234 654 1287 tegumentis
694 1235 929 1275 secundum
963 1236 1152 1288 regulam
1184 1237 1383 1290 Apostoli
1415 1238 1452 1277 10
1492 1237 1606 1279 Tim.
1641 1239 1718 1279 V10

398 1301 689 1344 contentatus?
706 1305 816 1344 Nam
832 1305 1038 1346 Ezechiel.
1054 1306 1222 1359 XL1V0‚
1236 1307 1419 1360 28—30‚
1436 1308 1492 1348 sic
1510 1308 1719 1349 scribitur:

399 1374 494 1413 Non
529 1374 612 1414 erit
643 1382 783 1415 autem
817 1376 1118 1416 sacerdotibus
1140 1376 1370 1429 hereditas,
1395 1391 1476 1432 ego
1500 1379 1720 1419 hereditas
1741 1389 1777 1422 15

396 1457 561 1486 eorum.
624 1445 679 1485 Et
718 1446 1020 1498 possessiones
1064 1459 1147 1486 non
1193 1447 1348 1488 dabitis
1392 1449 1453 1488 eis
1485 1449 1528 1488 in
1561 1448 1719 1498 Israel,

395 1528 477 1569 ego
511 1516 622 1555 enim
650 1517 872 1568 possessio
903 1530 1069 1558 eorum.
1110 1517 1331 1558 Victimam
1362 1524 1402 1559 et
1427 1532 1513 1571 pro
1539 1526 1720 1572 peccato

396 1592 435 1625 et
459 1598 546 1638 pro
579 1585 731 1626 delicto
765 1586 848 1639 ipsi
879 1587 1104 1627 comedent
1126 1594 1167 1628 et
1189 1601 1314 1627 omne
1342 1595 1483 1628 votum
1509 1590 1554 1629 in
1577 1589 1722 1630 Israel

397 1661 591 1708 ipsorum
636 1656 730 1696 erit.
787 1656 843 1696 Et
879 1658 1107 1709 primitiva
1153 1659 1344 1698 omnium
1384 1672 1596 1711 pecorum
1622 1662 1719 1713 pri-

399 1726 717 1780 mogenitorum
763 1733 804 1767 et
847 1727 993 1767 omnia
1039 1729 1274 1769 libamenta
1313 1742 1368 1769 ex
1407 1730 1606 1770 omnibus
1637 1743 1719 1783 que
1736 1750 1777 1771 20

395 1796 586 1850 offerunt
616 1797 894 1837 sacerdotum
928 1806 1068 1838 erunt.

454 1868 704 1908 Habuerunt
736 1877 879 1908 autem
911 1868 1004 1908 loca
1036 1882 1112 1921 pro
1146 1869 1456 1910 inhabitacione
1490 1879 1529 1910 et
1560 1870 1770 1913 alendisG

396 1938 618 1991 pecoribus
643 1947 707 1993 &Ut
730 1947 844 1991 patet
863 1939 989 1978 Josue
1007 1939 1124 1978 XX10
1140 1948 1179 1979 et
1201 1938 1387 1994 ultimo).
1405 1939 1445 1980 Si
1470 1954 1567 1993 ergo
1587 1940 1719 1980 clerus

396 2008 599 2048 Aaronita
620 2017 708 2048 tam
731 2008 917 2060 carnalis,
940 2018 1029 2048 tam
1044 2008 1250 2049 laboriose
1274 2009 1461 2050 solicitus
1480 2010 1584 2050 circa
1608 2024 1717 2050 cere-

396 2078 562 2118 monias
579 2078 681 2132 legis
697 2088 881 2130 sue,tam
895 2079 1068 2119 limitate
1089 2089 1127 2119 et
1142 2079 1279 2120 stricte
1297 2079 1443 2120 habuit
1458 2081 1718 2133 temporalia,
1736 2090 1774 2122 25

397 2159 557 2203 quanto
581 2149 713 2202 magis
737 2149 869 2189 clerus
894 2148 1048 2189 Christi
1072 2149 1142 2203 qui
1166 2150 1360 2203 exemplo
1384 2150 1719 2190 conversacionis

398 2229 437 2259 et
468 2219 596 2259 verbo
629 2219 931 2272 predicacionis
964 2220 1109 2260 docuit
1131 2221 1344 2260 mundum
1375 2219 1610 2274 relinquere
1632 2219 1657 2247 ²³²
1681 2229 1719 2260 et
1739 2231 1816 2275 169³

397 2290 686 2329 conversando
730 2289 772 2329 in
805 2290 1026 2330 celestibus
1060 2291 1111 2330 ad
1155 2303 1305 2330 eorum
1344 2289 1718 2330 annichilationem

398 2360 525 2399 laicos
559 2357 758 2399 edocere?
812 2361 865 2400 Et
896 2360 972 2400 hec
1005 2360 1116 2400 racio
1149 2360 1250 2413 legis
1272 2360 1362 2408 Dei,
1397 2359 1716 2399 Deuteronomii

399 2431 566 2480 xvlno,
607 2443 638 2481 1,
672 2444 799 2483 quare
831 2430 1008 2484 precipit
1039 2431 1203 2484 populo
1227 2431 1304 2469 sub
1326 2429 1404 2469 hiis
1427 2430 1583 2470 verbis:
1618 2431 1715 2471 Non
1735 2442 1776 2474 30

397 2499 610 2539 habebunt
641 2500 890 2540 sacerdotes
923 2507 961 2540 et
993 2502 1139 2541 Levite
1162 2509 1202 2540 et
1224 2513 1371 2541 omnes
1395 2501 1467 2553 qui
1490 2500 1541 2540 de
1565 2500 1714 2540 eadem

398 2570 510 2609 tribu
533 2577 634 2610 sunt
660 2578 830 2622 partem
866 2578 904 2610 et
935 2571 1211 2611 hereditatem
1237 2583 1331 2610 cum
1362 2570 1527 2622 reliquo
1552 2570 1717 2622 populo

399 2640 555 2691 Israel,
608 2641 709 2693 quia
762 2640 982 2693 sacrificia
1034 2640 1197 2680 domini
1248 2648 1286 2680 et
1338 2639 1585 2680 oblaciones
1629 2640 1718 2679 eius

452 2790 476 2817 2³.
504 2790 532 2816 A
557 2790 614 2824 A‚:
646 2789 738 2816 nnius
764 2804 795 2808 ——
823 2789 972 2825 privilegii
1001 2790 1096 2817 deest.
1240 2789 1268 2816 ό.
1297 2791 1324 2816 Α
1351 2789 1380 2816 in
1408 2796 1523 2823 marga
1563 2788 1595 2815 ln
1622 2788 1718 2816 veteri

399 2840 585 2863 testamento
607 2840 694 2863 erant
714 2837 808 2864 multe
832 2836 1015 2872 elemosine,
1043 2835 1206 2870 religiones
1227 2840 1255 2863 et
1275 2834 1351 2862 ritus
1379 2833 1520 2870 perpetui
1542 2834 1717 2869 approbati.

400 2882 508 2909 Clesus
536 2882 695 2910 moderate
717 2882 808 2910 debet
834 2882 946 2910 habere
968 2883 1151 2917 temporalia
1183 2883 1306 2916 (Above
1332 2881 1402 2911 168⁴
1424 2882 1552 2910 without
1578 2882 1665 2909 mark
1685 2880 1720 2908 os

400 2928 577 2963 reference).
722 2937 764 2964 14.
785 2930 814 2957 A
834 2929 864 2958 in
886 2937 1002 2965 marg.:
1023 2930 1124 2958 Raeto.
