2045 3312
89 396 108 429 1
150 394 226 427 133¹·

188 674 226 708 K

186 1035 226 1058 10

243 261 396 320 CAP.11.]
750 271 810 303 DE
836 269 1072 302 ECCLEsiA.

241 383 396 436 dogma
432 379 557 419 huius
597 392 685 418 esse
723 374 789 432 (ut
827 374 927 415 dicit
965 371 1175 427 Christus)
1218 373 1373 426 dogma
1414 372 1566 413 falsum

242 451 411 494 ecclesie
463 448 740 490 seductivum.
794 446 917 487 Unde
969 443 1084 484 iuxta
1135 442 1286 483 seriem
1336 442 1566 496 prophecie

242 521 395 564 Christi
434 520 511 560 ista
548 517 811 572 blasphemia
843 514 1141 571 presupposita
1180 513 1255 554 erit
1292 512 1567 561 seminarium

241 593 470 647 preliorum
504 599 580 632 etc.

298 663 361 702 Ex
403 661 492 702 istis
534 660 700 700 videtur
749 657 853 698 mihi
898 656 1023 696 nimis
1066 654 1338 696 temerarium
1388 667 1568 694 asserere

242 734 358 788 quod
398 731 546 786 aliquis
586 744 696 784 papa
732 729 773 768 in
813 727 1005 768 decretali
1045 740 1120 767 sua
1152 725 1376 766 intenderit
1408 724 1570 764 dictum

240 814 431 856 sensum3
472 803 545 843 sed
577 801 661 842 sive
695 799 887 840 Christus
926 796 1168 838 immediate
1207 796 1292 836 sive
1326 794 1569 849 quicunque

241 875 328 915 eius
368 872 600 927 discipulus
639 871 882 924 ubicunque
926 878 1133 909 terrarum
1172 881 1194 906 a
1234 866 1381 920 spiritu
1423 874 1568 906 sancto

240 946 395 986 missus
428 942 679 984 converterit
710 941 752 981 in
782 941 934 981 virtute
958 938 1115 980 Christi
1147 951 1448 992 quamcunque
1476 951 1568 991 per-

242 1030 392 1057 sonam
413 1015 478 1054 vel
506 1013 732 1068 populum,
766 1011 920 1052 sufficit
943 1010 1018 1051 sibi
1043 1023 1142 1050 cum
1162 1008 1277 1048 finali
1300 1021 1568 1062 perseveran-

243 1087 304 1127 cia
336 1086 388 1125 ad
421 1085 611 1125 salutem.
657 1084 711 1123 Et
751 1082 847 1123 satis
888 1090 949 1121 est
987 1079 1062 1121 sibi
1101 1093 1178 1132 pro
1211 1078 1292 1119 fide
1324 1078 1485 1118 articuli
1519 1079 1567 1118 de

1584 1086 1785 1123 Concerning
1812 1089 1862 1116 the

1584 1122 1725 1151 Catliolic
1736 1123 1861 1152 Cnurch

152 1163 229 1200 133b
244 1157 416 1198 ecclesia
439 1155 655 1207 catholica,
688 1162 735 1193 ut
758 1152 895 1192 credat
917 1151 999 1191 fide
1021 1154 1045 1177 ἃ
1068 1149 1247 1190 formata
1271 1149 1387 1203 quod
1411 1148 1462 1189 sit
1484 1163 1567 1188 una
1583 1167 1599 1186 a
1620 1158 1778 1186 Christian
1807 1160 1861 1187 has

188 1377 225 1410 15

186 1739 226 1761 20

188 2429 228 2462 30

241 1227 487 1268 universitas
520 1224 710 1265 fidelium
743 1222 1139 1275 predestinatorum,
1181 1220 1378 1260 salvanda
1414 1219 1567 1259 virtute

242 1298 378 1339 meriti
402 1296 571 1348 Christi,
603 1295 699 1335 licet
730 1307 815 1333 non
851 1292 1085 1345 expressius
1118 1300 1157 1331 et
1186 1290 1477 1344 particularius
1501 1291 1566 1330 de-

241 1368 446 1410 scenderit
467 1368 519 1408 ad
541 1366 726 1420 aliquem
750 1365 838 1405 eius
860 1363 1076 1403 vicarium.
1100 1363 1186 1401 Nec
1214 1370 1383 1414 oportet
1407 1362 1571 1402 credere

240 1440 305 1479 vel
344 1437 546 1492 implicite
579 1436 695 1490 quod
735 1435 811 1474 iste
849 1433 1093 1488 quicunque
1126 1433 1348 1472 Romanus
1381 1431 1572 1485 pontifex

242 1510 293 1550 sit
340 1517 466 1562 caput
510 1507 761 1561 cuiusquam
805 1504 1064 1559 particularis
1113 1502 1298 1555 ecclesie,
1343 1503 1422 1543 nisi
1458 1504 1571 1544 Deus

242 1581 385 1634 ipsum
406 1576 765 1633 predestinaverit,
781 1576 879 1630 quia
898 1575 1016 1615 aliter
1038 1582 1253 1628 oporteret
1276 1572 1404 1614 fidem
1425 1574 1569 1614 catho-

241 1651 367 1691 lica‘m
399 1663 487 1689 esse
520 1648 669 1689 falsam
696 1656 735 1688 et
758 1646 1034 1687 christianum
1057 1644 1173 1685 fateri
1197 1644 1482 1686 mendacium.
1519 1646 1572 1685 Et

242 1722 312 1774 ita,
344 1721 451 1761 sicut
483 1733 569 1759 non
604 1728 665 1759 est
697 1719 746 1758 de
780 1716 1019 1757 substancia
1051 1715 1147 1755 fidei
1180 1715 1345 1755 credere
1379 1715 1571 1768 explicite

243 1792 359 1846 quod
381 1792 457 1831 iste
479 1789 735 1840 Bonifacius,
760 1788 957 1828 Clemens
980 1787 1045 1827 vel
1067 1787 1265 1827 Urbanus
1293 1786 1345 1826 sit
1366 1786 1569 1839 predesti-

243 1871 366 1903 natus
397 1862 463 1902 vel
494 1861 736 1900 membrum
768 1867 908 1899 sancte
940 1857 1085 1897 matris
1114 1856 1297 1910 ecclesie,
1333 1856 1389 1896 sic
1412 1870 1487 1896 nec
1512 1866 1572 1896 est

243 1934 293 1973 de
338 1931 582 1971 necessitate
627 1930 771 1970 salutis
816 1929 1013 1969 omnium
1057 1927 1383 1968 christianorum
1428 1941 1572 1967 secum

243 2001 605 2054 conversancium,
642 2010 688 2041 ut
720 1999 913 2054 explicite
946 1999 1115 2039 credant
1147 1998 1292 2052 ipsum
1324 2012 1412 2038 esse
1446 2008 1572 2053 caput

187 2090 201 2101 ἢ
243 2074 495 2127 cuiusquam
519 2071 704 2124 ecclesie,
737 2070 816 2111 nisi
844 2070 949 2110 facta
972 2078 1011 2110 et
1033 2069 1116 2109 vita
1140 2068 1377 2123 evangelica
1401 2068 1570 2109 eviden-

244 2145 331 2185 cius
364 2151 564 2184 moveant
596 2143 648 2182 ad
680 2141 950 2181 credendum.
986 2140 1067 2181 Sed
1099 2139 1346 2180 benedictus
1370 2140 1571 2181 dominus

243 2215 386 2255 matris
418 2222 559 2254 nostre
589 2212 661 2267 qui
683 2220 823 2252 nostre
846 2210 1127 2265 peregrinanti
1148 2210 1371 2250 iuvencule
1394 2211 1571 2252 diebus

242 2285 356 2325 istis
395 2284 579 2338 providit
618 2293 744 2336 caput
789 2282 1059 2332 catholicum,
1099 2281 1238 2320 virum
1282 2282 1572 2335 evangelicum

245 2355 503 2396 Urbanum
551 2363 744 2394 sextum
795 2353 877 2407 qui
916 2352 1257 2392 rectificando
1296 2351 1574 2393 instantem

245 2426 524 2478 ecclesiam,
565 2435 619 2466 ut
660 2424 798 2465 vivat
843 2423 1176 2464 conformiter
1219 2422 1319 2476 legi
1364 2422 1574 2475 Christi,

301 2561 324 2580 1.
338 2551 458 2586 Huius;
479 2550 597 2578 scilicet
617 2549 831 2585 cuiuscunque
850 2548 930 2585 talis,
952 2549 1013 2577 vicl.
1036 2558 1105 2585 pag.
1128 2547 1175 2577 36.
1195 2548 1214 2575 l.
1236 2556 1262 2575 c.
1284 2548 1331 2576 30.
1428 2549 1453 2577 3.
1475 2551 1574 2587 AA„

243 2598 358 2627 Christi
379 2598 475 2626 deest.
547 2596 648 2626 §.AB
663 2597 693 2624 in
709 2605 812 2632 marg:
836 2596 1017 2624 Conclusio.
1040 2596 1113 2624 Ain
1130 2603 1233 2631 marg:
1255 2595 1337 2623 Nota
1358 2604 1451 2632 quam
1474 2587 1574 2626 eccle-¹

243 2645 320 2673 siam
337 2650 476 2673 sanctam
490 2649 634 2672 tenemur
649 2644 774 2671 credere
791 2644 906 2677 (below
919 2643 1009 2679 1332).
1024 2643 1045 2670 Β
1059 2643 1089 2671 in
1102 2651 1205 2678 marg:
1221 2642 1301 2670 Nota
1316 2643 1394 2671 bene
1411 2644 1573 2673 articulum

244 2692 314 2720 fidei
335 2692 527 2720 credendum
550 2692 586 2719 de
607 2691 736 2719 ecclesia
758 2690 918 2718 catholica.
1012 2699 1054 2724 14.
1075 2690 1117 2718 B:
1138 2690 1360 2725 expressimus.
1448 2699 1490 2726 ις).
1511 2691 1572 2718 AB

243 2739 273 2766 in
295 2747 399 2774 marg:
427 2738 609 2767 Conclusio.
743 2745 788 2764 20.
813 2737 850 2765 B:
875 2738 910 2765 de
932 2738 1116 2766 obediencia
1143 2738 1222 2765 fidei.
1351 2745 1395 2771 27.
1418 2738 1451 2765 In
1473 2737 1572 2766 Codd.

244 2785 323 2812 AB:
345 2785 454 2812 nostri.
475 2785 536 2819 Al:
558 2789 673 2812 nostre.
784 2792 830 2819 29.
853 2785 913 2813 AB
936 2785 965 2812 in
987 2793 1091 2820 marg:
1113 2784 1194 2812 Nota
1216 2784 1252 2812 de
1273 2784 1401 2811 Urbano
1422 2783 1476 2811 Vl.

305 2879 358 2911 27.
373 2868 596 2912 Archbis'nop
613 2868 864 2901 Bartholomeo
882 2868 1042 2911 Prignani
1069 2869 1109 2900 of
1127 2869 1203 2901 Bari
1232 2879 1303 2900 was
1324 2868 1456 2900 elected
1479 2869 1574 2910 Pope

246 2936 291 2958 on
307 2927 402 2969 April
418 2924 519 2970 S‘hby
536 2926 595 2959 the
615 2927 788 2959 cardinals
807 2927 873 2959 and
894 2928 1058 2959 crowned
1079 2938 1125 2958 on
1145 2927 1429 2969 Easter—Sunday
1445 2925 1573 2969 (1378).

1583 1194 1657 1230 only
1683 1199 1714 1222 to
1742 1194 1861 1222 believe

1609 1229 1673 1257 that
1693 1230 1715 1258 it
1735 1230 1760 1257 is
1780 1230 1832 1258 the

1584 1264 1686 1292 whole
1721 1266 1803 1301 body
1823 1265 1858 1292 of

1585 1300 1636 1328 the
1651 1300 1861 1335 predestined.

1611 2158 1682 2187 God
1705 2160 1730 2187 is
1750 2163 1781 2187 to
1802 2159 1840 2186 be

1588 2194 1712 2230 praised
1738 2194 1788 2222 for
1814 2194 1866 2222 the

1636 2229 1767 2257 electiori
1788 2228 1823 2256 of

1634 2265 1741 2294 Urban
1763 2264 1817 2301 VI,
