2045 3312
197 277 251 329 84
903 288 1133 321 JOHANNIS
1164 288 1359 322 WYCLIF.
1635 274 1742 333 [CAP.
1759 286 1812 315 ιν.

486 403 619 434 netur.
667 396 719 435 Et
762 394 837 434 hec
883 396 1029 434 eadem
1075 395 1197 434 unica
1243 409 1324 448 que
1369 395 1410 435 in
1462 395 1527 435 via
1560 394 1637 435 fuit
1669 404 1961 449 sanctaissqu

486 465 656 505 eeclesia
689 466 904 505 catholica.
939 466 1035 505 Non
1060 465 1174 504 enim
1212 474 1351 518 potest
1373 465 1471 519 fingi
1507 465 1624 519 quod
1647 466 1811 505 decreta

484 545 524 576 et
561 537 692 577 sancti
731 538 925 577 doctores
971 537 1208 590 loquuntur
1247 537 1297 576 de
1335 536 1414 576 alia
1451 545 1593 576 sancta
1638 535 1809 576 ecclesia

483 607 688 648 catholica
721 622 846 662 quam
880 608 931 647 de
964 607 1046 660 illa,
1080 607 1137 647 sic
1170 608 1287 661 quod
1320 608 1460 648 solum
1493 607 1680 647 manebit
1725 620 1810 646 una

485 687 627 718 sancta
660 678 832 719 ecclesia
866 678 1070 718 catholica
1103 691 1238 732 usque
1261 678 1312 717 ad
1335 677 1448 717 diem
1470 677 1627 730 iudicii,
1652 686 1690 717 et
1713 686 1809 731 post
1826 685 1842 718 5

483 749 655 802 quando
697 749 897 803 reciperet
941 748 1253 802 perfeccionem
1300 748 1498 789 ultimam
1542 748 1809 801 extinguetur

482 820 546 859 vel
578 819 620 859 in
654 820 793 873 plures
829 820 1021 860 ecclesias
1060 819 1283 871 dividetur,
1325 819 1422 873 quia
1461 828 1508 859 ut
1544 818 1807 872 Augustinus

482 890 581 930 dicit
613 890 686 930 ΙΙΙ0
719 891 780 930 De
795 890 997 931 Doctrina
1013 889 1253 931 Christiana
1276 903 1364 943 cap.
1399 890 1593 930 XXX110:
1627 889 1702 929 Illi
1735 890 1807 942 qui

481 962 521 1000 in
555 961 622 1001 die
656 960 808 1001 iudicii
831 968 1077 1002 statuentur
1101 974 1126 1000 a
1149 961 1336 1001 sinistris
1371 967 1415 1000 ut
1437 960 1506 1000 edi
1529 958 1660 1015 (sicut
1684 966 1808 1012 patet

481 1031 662 1071 Matthei
683 1030 848 1080 XXVo,
864 1030 939 1087 41)
956 1045 1176 1085 nunquam
1194 1037 1320 1072 erant
1343 1031 1394 1071 de
1418 1043 1602 1084 corpore
1626 1030 1803 1083 domini,
1827 1050 1864 1071 10

189 1106 311 1170 oxrvotiifii
335 1106 463 1171 5301}th
479 1101 554 1142 sed
586 1103 785 1142 continue
809 1102 1002 1142 membra
1026 1102 1196 1145 diaboli,
1235 1101 1353 1153 Tale,
1386 1100 1575 1154 inquam,
1608 1114 1803 1154 aggrega—

189 1177 408 1241 wimxgiiizfilpecft
429 1181 572 1212 ortum
605 1186 693 1212 non
727 1172 832 1212 foret
864 1182 1006 1213 sancta
1045 1181 1178 1213 mater
1210 1171 1382 1212 ecclesia
1413 1171 1501 1210 sine
1539 1171 1702 1210 macula
1739 1171 1805 1210 vel

477 1255 594 1296 ruga,
628 1243 726 1297 quia
757 1243 964 1296 peridem
998 1242 1104 1284 foret
1126 1242 1348 1282 maledicta
1366 1241 1536 1281 ecclesia
1568 1241 1802 1295 malignan-

478 1313 603 1365 cium,
628 1314 744 1353 sedes
777 1313 948 1354 sathane
972 1322 1011 1354 et
1033 1313 1227 1354 meretrix
1249 1311 1520 1352 adulterantis
1543 1311 1711 1352 diaboli.

537 1385 635 1425 Ideo
669 1394 787 1425 notet
820 1385 1081 1425 adversarius
1115 1399 1198 1439 que
1221 1384 1272 1424 sit
1294 1384 1364 1423 illa
1396 1392 1530 1423 mater
1562 1382 1732 1422 ecclesia
1754 1382 1858 1425 deM

479 1455 597 1496 cuius
643 1456 803 1496 unitate
842 1456 966 1510 legeS‚
990 1453 1015 1482 Ψ
1039 1455 1171 1496 sancti
1209 1455 1402 1495 doctores
1447 1462 1487 1493 et
1531 1452 1700 1492 ecclesia
1747 1452 1903 1504 SlC140“

476 1527 712 1580 loquuntur
743 1535 783 1566 et
815 1526 954 1566 videat
988 1526 1021 1565 si
1064 1525 1306 1566 membrum
1337 1524 1448 1564 illius
1482 1523 1534 1564 sit
1571 1523 1705 1576 quivis
1746 1537 1803 1563 re—

476 1599 648 1651 probus.
682 1599 791 1637 Nam
824 1597 865 1636 in
899 1605 1191 1651 extravagante
1223 1595 1425 1636 Bonifacii
1448 1591 1573 1636 VIIIvi
1607 1594 1804 1634 suadetur

475 1668 763 1722 multipliciter
801 1681 847 1707 ex
886 1667 1091 1720 scriptura
1136 1667 1252 1720 quod
1285 1675 1451 1706 tantum
1484 1674 1544 1705 est
1583 1678 1666 1703 una
1711 1663 1801 1703 talis

475 1740 645 1779 ecclesia
678 1737 744 1794 (ut
776 1747 890 1791 patet
924 1751 1012 1791 cap.
1048 1738 1114 1792 ll),
1149 1746 1187 1776 et
1220 1737 1332 1776 idem
1365 1735 1610 1789 exprimitur
1649 1734 1689 1773 in
1729 1737 1798 1773 de—
1817 1754 1859 1776 20

475 1810 593 1850 cretis
625 1810 793 1861 XX1V³‚
827 1823 865 1863 q.
899 1808 927 1861 Ι,
949 1809 1174 1861 Loquitur,
1200 1821 1297 1847 cum
1326 1805 1640 1846 concordanciis
1657 1806 1800 1858 legum

473 1889 599 1934 atque
631 1880 886 1920 doctoribus.

532 1953 629 1991 Non
673 1965 770 2005 ergo
816 1960 876 1991 est
920 1964 1030 1990 nova
1078 1949 1228 1990 ficticia
1271 1949 1327 1988 sic
1371 1948 1488 2003 loqui
1539 1948 1589 1987 de
1641 1946 1798 1987 unitate

473 2021 658 2073 ecclesie,
692 2035 766 2061 nec
791 2021 967 2061 dubium
993 2020 1094 2074 quin
1128 2020 1179 2060 sit
1202 2019 1271 2059 illa
1295 2033 1376 2073 que
1399 2028 1496 2073 post
1512 2018 1624 2057 diem
1653 2017 1795 2057 iudicii

183 2091 287 2121 Hence
308 2094 328 2134 ii
350 2095 453 2130 {spre-
469 2092 543 2132 erit
559 2105 737 2145 regnum
752 2092 954 2142 celorum,
979 2090 1140 2130 celestis
1156 2090 1385 2129 Jerusalem
1401 2097 1440 2128 et
1463 2102 1618 2142 sponsa
1641 2087 1793 2128 Christi
1813 2096 1853 2128 25

205 2137 273 2156 §Um
315 2138 342 2156 10
401 2138 418 2156 Ο

183 2134 536 2217 3536Γῐρὲηὲὲθῐῑῖῐθ.(ι1ῖ
568 2175 694 2215 supra
728 2161 923 2201 meminit
955 2157 1254 2214 Augustinus).
1290 2159 1350 2198 Ex
1384 2159 1470 2198 istis
1509 2158 1697 2212 sequitur
1730 2156 1795 2213 (ut

183 2200 219 2226 be
241 2208 257 2226 a
273 2208 342 2227 men

216 2235 265 2262 ΗΝ
286 2201 567 2286 Ciiiii'c‘ii.⁰¹sepe
616 2230 784 2286 repecii)
831 2231 947 2285 quod
992 2230 1118 2269 nimis
1166 2243 1319 2283 magna
1365 2229 1471 2269 foret
1523 2228 1793 2282 presumpcio

471 2316 733 2357 quemquam
755 2301 843 2341 sine
868 2301 1091 2341 formidine
1115 2300 1179 2340 vel
1201 2300 1460 2340 revelacione
1476 2313 1652 2339 asserere
1676 2301 1791 2352 quod

469 2373 521 2413 sit
553 2373 793 2413 membrum
825 2372 936 2413 illius
970 2371 1152 2412 ecclesie.
1187 2372 1297 2411 Nam
1320 2385 1446 2410 nemo
1480 2370 1555 2409 nisi
1590 2371 1790 2423 predesti-

470 2453 592 2484 natus
626 2453 664 2484 et
686 2452 853 2483 sanctus
886 2452 1076 2496 tempore
1109 2456 1187 2482 suo
1220 2441 1307 2481 sine
1330 2441 1496 2481 macula
1519 2441 1581 2480 vel
1606 2455 1707 2494 ruga
1731 2450 1792 2481 est
1810 2448 1852 2480 30

528 2615 554 2643 8.
579 2616 604 2643 Λ
627 2616 656 2643 in
679 2623 794 2651 marga
819 2616 1023 2651 Augustinus.
1108 2624 1140 2644 ιι.
1163 2616 1189 2643 Α
1214 2616 1242 2644 in
1265 2623 1383 2651 marga
1405 2614 1496 2642 Nota.
1581 2612 1617 2640 15.
1639 2613 1677 2640 B:
1700 2612 1794 2647 Igitur

470 2667 562 2690 noter.
674 2662 708 2690 15.
731 2664 759 2690 A
780 2663 808 2689 in
832 2670 946 2698 marga
969 2662 1024 2690 Vis
1046 2662 1191 2690 racionis.
1283 2670 1327 2689 ρο.
1352 2661 1385 2689 In
1407 2661 1517 2688 codd.:
1538 2659 1574 2687 X.
1648 2658 1693 2688 23.
1714 2660 1739 2687 A
1762 2660 1791 2686 in

470 2717 584 2745 marg.:
606 2709 751 2736 Ecclesia.
824 2709 860 2737 26
877 2711 903 2737 Α
923 2709 952 2737 in
975 2717 1090 2744 marg:
1113 2709 1293 2738 Conclusio,
1384 2708 1428 2735 28.
1451 2708 1472 2735 B
1500 2708 1529 2734 in
1557 2715 1670 2743 marga
1692 2706 1793 2734 Nemo

470 2758 560 2785 audet
587 2766 619 2783 se
645 2757 745 2784 dicere
768 2757 942 2785 membrum
965 2756 1106 2785 ecclesie.

545 2890 593 2921 18.
622 2888 719 2920 Scir:
746 2888 860 2920 Unam
891 2895 1059 2920 sanctam.
1087 2889 1175 2921 Vide
1190 2898 1293 2931 supra
1308 2897 1385 2929 pag.
1403 2888 1488 2925 25‚l.
1506 2886 1558 2919 26.
1587 2897 1638 2918 21.
1656 2885 1791 2918 Decreti

470 2959 537 2980 sec.
555 2959 646 2990 pars,
661 2958 763 2980 causa
783 2948 901 2988 xxiv,
929 2959 962 2989 q.
994 2948 1014 2987 l,
1043 2957 1069 2978 6.
1097 2948 1217 2978 xviii.
