2045 3312
318 259 408 288 cm.
432 248 515 307 xv]
823 262 883 293 DE
911 260 1148 293 ECCLESIA.

164 379 199 412 N
226 369 434 423 177¹¹dictis
483 377 725 407 sanctorum
773 366 1084 420 exponencium
1117 365 1244 406 fidem
1277 366 1481 419 scripture
1523 376 1636 420 patet

316 439 433 493 quod
478 440 528 478 de
574 439 664 492 lege
709 437 888 477 caritatis
934 445 973 476 et
1017 436 1244 490 spiritualis
1289 437 1518 477 elemosine
1558 439 1635 477 sub

316 524 424 563 pena
472 507 752 562 dampnabilis
786 520 1015 546 consensus
1058 515 1225 547 tenetur
1261 507 1499 560 prepositus
1538 509 1634 547 sub-

316 581 444 620 iectos
478 578 695 631 corripere.
729 577 851 617 Unde
883 577 990 617 inter
1021 577 1165 616 omnia
1198 586 1367 630 peccata
1399 578 1449 616 de
1482 577 1636 631 quibus

284 649 449 702 5magis
496 648 626 688 timeo
672 647 712 686 in
758 646 1044 700 superioribus
1076 647 1193 699 regni
1228 647 1373 698 nostri,
1407 657 1505 688 sunt
1543 662 1637 688 ceca

317 720 462 773 pietas,
497 718 598 757 falsa
630 717 915 757 misericordia
948 726 987 756 et
1021 726 1303 757 consentanea
1336 717 1524 770 omissio,
1554 718 1637 758 sive

317 805 364 831 ex.
398 788 655 843 negligencia
700 788 784 828 sive
829 786 965 843 (quod
1011 788 1193 827 maxime
1238 788 1497 828 horrendum
1544 787 1637 844 est),

317 861 488 915 quando
540 858 736 898 venditur
787 871 1017 898 consensus
1071 857 1256 897 criminis
1310 867 1348 898 et
1395 858 1546 899 iniuste
1591 872 1637 898 ac

318 930 547 986 proditorie
592 943 666 983 per
709 928 1015 982 patrimonium
1063 928 1218 968 Christi
1266 928 1504 969 defenditur
1551 929 1638 968 eius

263 1019 303 1043 10
319 1001 463 1041 hostis.
487 1001 610 1040 Unde
633 999 898 1053 Augustinus
931 999 1107 1052 epistola
1129 999 1345 1039 XXXVIIa
1366 1000 1417 1039 ad
1441 1000 1637 1039 Macedo-

319 1073 456 1112 nium:
488 1070 823 1111 Misericordius
856 1084 976 1122 opem
1006 1076 1199 1110 nostram
1228 1069 1391 1109 talibus
1421 1070 1638 1110 subtrahi-

319 1156 415 1182 mus
467 1155 595 1194 quam
637 1140 942 1193 impendimus.
984 1140 1080 1180 Non
1120 1141 1233 1180 enim
1268 1154 1389 1193 opem
1417 1141 1517 1195 sert
1566 1142 1640 1193 qui

319 1213 376 1253 ad
420 1211 692 1265 peccandum
749 1211 868 1251 iuvat
919 1224 970 1251 ac
1026 1224 1108 1250 non
1151 1213 1310 1263 pocius
1352 1211 1558 1251 subvertit
1603 1218 1641 1250 et

318 1283 534 1336 opprimit.

231 1360 303 1393 01
378 1354 458 1393 Sed
511 1361 654 1392 contra
700 1352 809 1391 dicta
856 1352 995 1405 primo
1041 1351 1222 1391 obicitur
1266 1365 1339 1404 per
1392 1351 1471 1390 hoc
1524 1352 1639 1404 quod

319 1438 446 1463 nemo
470 1424 593 1462 debet
616 1422 826 1462 def-amare
852 1423 1094 1475 proximum
1124 1432 1163 1462 et
1198 1422 1430 1476 specialiter
1464 1421 1641 1461 christos

318 1494 407 1533 Dei.
449 1493 509 1532 Illi
550 1502 690 1532 autem
725 1493 795 1546 qui
832 1493 935 1532 illud
968 1492 1158 1532 obiciunt
1190 1507 1342 1546 parum
1376 1492 1642 1532 considerant

318 1565 539 1618 quomodo
563 1564 743 1603 mendax
774 1564 833 1618 (in
859 1572 1067 1617 quantum
1091 1560 1357 1617 huiusmodi)
1382 1561 1566 1602 defamat
1599 1576 1641 1601 se

319 1635 473 1687 ipsum,
507 1643 546 1673 et
578 1634 730 1673 iterum
766 1635 990 1687 quomodo
1024 1648 1071 1673 ex
1104 1633 1238 1673 verbis
1268 1633 1354 1672 istis
1377 1633 1641 1686 generalibus

262 1704 420 1757 :olegis
467 1704 628 1743 domini
674 1718 716 1743 se
761 1713 916 1756 putans
949 1703 1210 1743 defamatum
1244 1703 1399 1743 indicat
1431 1712 1477 1742 ut
1509 1703 1566 1742 sic
1599 1717 1640 1741 se

319 1789 406 1813 esse
429 1774 531 1827 legis
556 1774 629 1813 Dei
654 1774 951 1826 adversarium,
988 1783 1027 1813 et
1049 1774 1199 1814 iterum
1228 1787 1377 1826 parum
1410 1773 1643 1812 considerat

319 1845 541 1897 quomodo
595 1844 801 1897 prophete
853 1844 1002 1884 veteris
1057 1844 1309 1893 testamenti,
1357 1843 1549 1884 Christus
1603 1852 1641 1882 et

320 1915 429 1967 leges
463 1914 633 1953 ecclesie
665 1914 904 1953 acutissime
938 1914 1093 1953 instant
1130 1923 1274 1954 contra
1297 1913 1438 1953 solum
1468 1913 1641 1952 nomine

321 1984 576 2035 sacerdotes3
621 1993 661 2023 et
707 1983 819 2023 racio
864 1992 938 2035 est,
973 1984 1071 2037 quia
1102 1984 1143 2022 in
1177 1997 1323 2023 eorum
1370 1983 1641 2022 subversione

264 2054 514 2094 25imminet
564 2054 701 2094 maius
745 2054 979 2106 periculum
1026 2054 1145 2093 matri
1192 2053 1375 2093 ecclesie.
1440 2054 1492 2093 Et
1540 2053 1643 2091 illud

321 2124 514 2164 meminit
547 2125 775 2174 decretum,
810 2124 1037 2163 LXXX111³
1075 2124 1183 2175 dist„
1216 2123 1286 2163 ubi
1327 2123 1383 2162 sic
1431 2122 1643 2162 scribitur:

324 2195 458 2234 Nemo
504 2196 660 2248 quippe
706 2195 747 2233 in
793 2195 973 2234 ecclesia
1018 2194 1208 2246 amplius
1253 2201 1374 2234 nocet
1403 2207 1532 2246 quam
1573 2194 1647 2246 qui

319 2278 526 2318 perverse
572 2278 710 2318 agens
755 2278 908 2304 nomen
958 2265 1024 2304 vel
1066 2264 1261 2304 ordinem
1306 2264 1545 2304 sanctitatis
1580 2264 1647 2304 vel

323 2335 560 2375 sacerdotis
593 2335 728 2374 habet.
764 2335 1093 2387 Delinquentem
1139 2346 1324 2386 namque
1353 2334 1467 2373 hunc
1491 2333 1643 2374 redar-

267 2408 459 2459 'Joguere
520 2405 669 2445 nullus
719 2405 952 2457 presumit,
1012 2411 1051 2444 et
1109 2405 1150 2444 in
1205 2404 1453 2457 exemplum
1514 2404 1645 2456 culpa

377 2567 404 2594 o.
425 2567 452 2594 Α
475 2566 503 2593 in
525 2574 642 2600 marg:
664 2566 753 2593 Nota.
899 2573 940 2592 ιο.
969 2565 994 2591 Α
1016 2564 1045 2591 in
1068 2572 1182 2599 marga
1203 2564 1409 2599 Augustinus.
1554 2571 1591 2590 ιε.
1613 2564 1645 2590 In

323 2614 434 2640 codd:
457 2613 538 2639 Num
562 2613 656 2639 enini.
679 2612 806 2640 Corsexi
829 2621 843 2639 e
864 2617 945 2639 textu
968 2612 1047 2645 Aug.
1194 2619 1235 2645 ¹7·
1258 2610 1329 2638 Ain
1346 2618 1462 2645 marg:
1484 2610 1646 2637 Obieccm.

327 2660 366 2686 18.
396 2660 424 2686 A
446 2659 475 2685 in
502 2667 589 2693 marg
611 2668 618 2685 ι
648 2658 835 2693 Responsio.
978 2665 1025 2684 20.
1055 2657 1094 2684 B:
1126 2666 1158 2684 sc
1185 2662 1344 2691 reputans.
1488 2656 1536 2683 26.
1566 2657 1593 2683 A
1615 2656 1643 2682 in

326 2713 440 2740 marga
465 2705 500 2733 33
522 2705 593 2732 dist.
738 2705 783 2732 26.
806 2705 844 2732 15:
867 2709 897 2732 ut
917 2704 960 2731 sic
981 2704 1136 2731 scribitur.

383 2847 481 2877 4.—-1
497 2847 523 2867 1.
563 2837 637 2867 Hus
671 2837 690 2867 l.
723 2846 751 2867 c.
900 2845 950 2866 10.
992 2836 1082 2877 Aug.
1120 2835 1213 2878 Opp.
1253 2842 1336 2867 tom.
1371 2832 1410 2875 ΙΙ,
1449 2844 1526 2876 pag.
1568 2832 1643 2866 532.

329 2893 380 2925 26.
408 2894 488 2925 Dec.
517 2894 526 2925 Ι
553 2905 643 2937 pars,
671 2893 749 2925 dist.
777 2894 958 2933 LXXXIII,
985 2904 1013 2925 e.
1042 2893 1079 2925 ΙΙ.

1703 1359 1885 1391 Obiection:

1665 1403 1685 1421 1.
1709 1395 1768 1422 KVc
1791 1396 1865 1421 have
1887 1403 1925 1421 no

1675 1431 1754 1465 right
1775 1436 1805 1457 to
1826 1431 1920 1465 speak

1715 1466 1745 1492 111
1767 1466 1801 1493 of
1819 1474 1876 1492 our

1703 1501 1886 1536 neighbour.

1720 1783 1869 1809 Auswer:

1693 1817 1751 1845 &Vc
1774 1818 1838 1844 deal
1862 1819 1889 1844 in

1673 1853 1797 1886 general
1819 1857 1914 1879 ternis

1684 1887 1785 1914 which
1813 1888 1906 1923 apply

1678 1923 1751 1958 only
1771 1927 1801 1949 to
1822 1925 1909 1949 {hose

1684 1958 1755 1984 who
1776 1958 1904 1985 deservo

1752 1993 1845 2020 them.
