2045 3312
160 259 238 310 548
882 268 1106 300 JOHANNIS
1134 267 1328 301 WYCIAF.
1552 253 1658 313 [cm.
1681 264 1775 293 xxn.

451 374 747 427 apostolorum
783 387 959 413 suorum
996 387 1079 412 non
1114 374 1263 412 darent
1297 372 1426 412 fidem
1462 374 1513 412 de
1547 374 1775 414 inutilitate
1794 384 1930 419 203¹’V

158 453 379 486 Theexampie
403 453 436 481 of
453 443 734 484 fundamenti.
769 444 866 484 Non
901 445 1013 483 enim
1049 453 1111 484 est
1144 457 1271 483 causa
1305 444 1498 484 evidens:
1526 443 1568 483 Si
1595 443 1774 498 Syrnon,

175 489 424 553 cffssffuosneiiiancot
451 527 645 554 summus
693 515 890 555 sacerdos
933 513 1171 554 construxit
1215 514 1295 554 sibi
1341 523 1382 554 et
1427 514 1513 554 suis
1560 512 1775 553 edificium

159 558 585 624 omwgivgriistiimOfaltum
620 599 748 639 super
781 585 1059 638 sepulchrum
1094 598 1242 624 eorum
1278 593 1317 624 et
1351 584 1600 624 mirabiliter
1633 597 1778 638 sump—

452 665 625 695 tuosum
655 655 722 710 (ut
754 664 872 709 patet
905 655 919 694 Ι
944 655 1304 695 Macchabeorum
1328 652 1482 710 X1110),
1520 668 1621 707 ergo
1655 655 1812 706 bene,5

451 725 562 766 sicut
601 735 662 766 est
701 726 894 765 evidens:
938 726 980 766 Si
1016 725 1214 766 Christus
1254 735 1295 765 et
1327 725 1417 765 eius
1451 725 1634 778 apostoli
1675 726 1777 765 illud

451 796 700 848 omiserant,
750 810 851 849 ergo
899 797 1025 848 bene;
1073 810 1171 835 nam
1206 796 1395 849 regimen
1431 796 1601 835 illorum
1643 809 1778 835 sacer-

453 867 603 906 dotum
648 866 729 907 fuit
781 866 1026 919 presagium
1080 866 1388 906 destruccionis
1439 879 1654 919 synagoge
1696 879 1779 919 que

454 936 533 977 fuit
572 936 745 976 ecclesia
778 936 1036 990 Judeorum;
1077 945 1117 976 et
1163 935 1495 976 fundamentum
1529 936 1643 976 aliud
1678 949 1776 976 cum

455 1008 541 1047 suis
577 1007 819 1047 domesticis
845 1006 924 1046 suit
948 1005 1253 1047 indefectivum
1279 1007 1536 1060 principium
1572 1015 1779 1059 perpetue
1802 1029 1838 1050 10

455 1078 627 1118 ecclesie
669 1078 920 1130 christiane;
968 1077 1096 1117 nichil
1137 1091 1237 1130 ergo
1277 1078 1388 1117 valet
1427 1077 1549 1116 nobis
1584 1076 1779 1116 fidelibus

455 1149 532 1188 nisi
569 1149 619 1189 de
655 1157 817 1202 quanto
850 1147 975 1188 fuerit
1013 1147 1230 1187 fundabile
1268 1161 1316 1187 ex
1358 1148 1449 1200 lege
1481 1147 1664 1199 Christi;
1708 1148 1781 1187 sed

455 1232 551 1258 cum
576 1232 624 1258 ex
657 1220 748 1272 lege
779 1218 939 1259 Christi
964 1227 1005 1258 et
1033 1218 1125 1271 lege
1148 1217 1322 1257 ecclesie
1345 1226 1462 1271 patet
1493 1218 1610 1270 quod
1635 1219 1780 1258 obser-

455 1290 601 1329 vancie
625 1290 676 1328 de
710 1298 872 1343 quanto
906 1289 1000 1342 plus
1034 1289 1243 1328 accedunt
1267 1288 1318 1327 ad
1343 1296 1500 1328 statum
1536 1288 1782 1328 innocencie

456 1370 495 1400 et
529 1361 671 1399 minus
706 1360 960 1400 intricantur
994 1373 1090 1399 cum
1126 1359 1304 1411 mundo,
1335 1358 1550 1399 imitantes
1585 1359 1781 1399 volunta-
1804 1370 1840 1403 15

456 1439 542 1470 tem
580 1431 672 1481 Dei,
709 1430 917 1470 direccius
959 1430 1324 1483 preponderantes
1356 1429 1398 1468 in
1439 1443 1584 1469 amore
1620 1431 1780 1469 bonum

456 1500 743 1553 communius,
789 1510 905 1554 patet
954 1501 1068 1553 quod
1117 1500 1391 1539 observancia
1438 1500 1635 1553 opposita
1683 1501 1781 1540 ritui

455 1584 582 1624 quem
619 1571 806 1610 mundus
840 1571 881 1610 in
917 1571 1006 1610 istis
1048 1570 1175 1623 exigit
1217 1579 1279 1609 est
1320 1571 1411 1623 ipso
1446 1570 1610 1610 melior.
1659 1571 1782 1610 Unde

457 1640 522 1695 (ut
568 1640 704 1695 tetigi)
753 1641 849 1681 talia
903 1641 1167 1680 memorialia
1215 1650 1310 1694 post
1355 1650 1549 1680 mortuos
1584 1641 1780 1681 derelicta

456 1712 520 1751 vel
568 1721 722 1751 nocent
768 1712 825 1750 eis
871 1712 935 1750 vel
976 1712 1117 1752 minus
1152 1712 1209 1750 eis
1245 1710 1472 1764 proficiunt
1513 1724 1642 1764 quam
1682 1725 1778 1765 pur·
1799 1731 1840 1752 20

457 1783 607 1834 gandis
653 1782 914 1835 pauperibus
955 1782 994 1821 in
1038 1781 1177 1835 gracia
1211 1782 1424 1836 ampliori,
1458 1796 1605 1835 ymmo
1640 1781 1780 1822 minus

457 1866 585 1905 quam
619 1854 768 1892 ceteris
804 1853 977 1906 paribus
1012 1866 1160 1892 eorum
1188 1853 1440 1892 destruccio.
1467 1852 1509 1892 Si
1536 1852 1646 1891 enim
1680 1852 1782 1892 tales

459 1923 616 1962 mortui
652 1932 750 1962 sunt
790 1923 976 1976 presciti,
1012 1932 1112 1962 tunc
1147 1923 1246 1962 talia
1280 1923 1541 1962 memorialia
1584 1923 1782 1962 derelicta

459 2002 558 2032 sunt
593 1993 754 2033 fructus
789 1993 950 2046 peccati
985 1994 1049 2032 sui
1084 1994 1124 2033 in
1159 1993 1359 2046 spiritum
1384 2002 1601 2044 sanctum3
1626 1993 1658 2032 si
1685 2001 1784 2032 sunt

458 2064 752 2116 predestinati,
799 2073 901 2103 tunc
952 2072 1052 2103 sunt
1099 2063 1262 2104 fructus
1296 2077 1371 2104 sue
1406 2063 1645 2103 affeccionis
1689 2073 1842 2115 pro-25

459 2135 656 2187 prietarie
691 2134 981 2188 expurgande,
1022 2143 1061 2174 et
1095 2134 1270 2174 indubie
1303 2148 1466 2187 pauper
1500 2134 1709 2174 decedens
1744 2134 1784 2172 in

460 2205 610 2244 maiori
658 2205 811 2257 gracia,
859 2218 954 2244 cum
1002 2204 1153 2244 melius
1199 2218 1301 2244 usus
1348 2205 1429 2244 fuit
1476 2204 1786 2257 temporalibus

460 2275 549 2315 istis
588 2275 745 2328 quibus
792 2275 931 2315 verius
973 2275 1217 2314 dominatus
1255 2284 1332 2327 est,
1375 2275 1468 2327 plus
1512 2274 1787 2327 participabit

460 2346 500 2384 in
547 2345 796 2398 purgatorio
842 2358 988 2384 eorum
1026 2344 1184 2395 fructu,
1235 2345 1427 2384 dominio
1483 2346 1685 2384 devoluto
1734 2344 1785 2383 ab

461 2425 644 2469 utroque
690 2416 741 2455 ad
787 2415 1027 2466 dominum,
1073 2425 1177 2468 aput
1220 2428 1351 2467 quem
1398 2428 1482 2454 non
1519 2424 1660 2468 potest
1694 2427 1784 2454 esse
1804 2423 1846 2455 30

461 2485 657 2538 accepcio
691 2499 987 2539 personarum.
1031 2486 1267 2534 Quomodo
1302 2494 1529 2524 excusatur
1562 2492 1786 2538 peccatum

461 2569 548 2607 quo
582 2565 759 2609 propter
798 2555 1073 2595 affeccionem
1108 2555 1370 2595 mundialem
1406 2556 1470 2594 vel
1511 2554 1784 2594 affeccionem

463 2626 788 2679 proprietariam
814 2626 1023 2665 carnalem
1047 2626 1150 2666 ritus
1177 2626 1268 2665 talis
1294 2625 1549 2678 preponitur
1572 2634 1611 2664 et
1632 2624 1785 2663 modus

464 2696 640 2735 faciendi
689 2697 1024 2749 exproprietarie
1071 2696 1329 2747 vivencium,
1378 2704 1418 2734 et
1465 2696 1626 2734 bonum
1671 2707 1786 2733 com-

463 2767 635 2806 munius
669 2767 763 2819 plus
798 2766 1070 2820 dili-gencium
1106 2766 1235 2806 stulte
1270 2761 1572 2818 postponitur?
1807 2773 1844 2806 35

516 2876 540 2895 2.
558 2869 597 2895 13:
615 2873 676 2896 tam
690 2869 827 2896 evidens.
936 2869 961 2896 5.
979 2868 1017 2895 B:
1034 2876 1106 2902 ergo
1119 2884 1150 2888 —
1163 2868 1334 2896 omiserant
1349 2868 1443 2894 deest.
1554 2874 1579 2900 7.
1601 2865 1638 2892 13:
1656 2872 1784 2900 regnum

463 2916 587 2942 iliorum
610 2916 676 2942 suit.
771 2924 806 2943 12.
830 2924 864 2942 ex
886 2916 1012 2942 cic-estin
1026 2915 1117 2942 codd.
1209 2914 1256 2942 26.
1280 2915 1316 2941 l’›:
1339 2913 1541 2948 expurgando
1564 2928 1591 2931 —
1615 2912 1671 2939 suit
1694 2912 1787 2939 deest.
