2045 3312
276 223 463 282 CAP.V11.]
794 237 854 269 DE
880 235 1115 270 EchEsiA.
1821 223 1895 276 143

132 353 167 386 A
191 351 269 393 148’1
285 342 488 382 minando
521 343 639 396 quod
671 342 828 382 exirent
849 343 900 382 de
922 351 1027 382 terra
1050 350 1193 382 nostra
1216 341 1430 381 coniuncti
1454 341 1606 382 nostris

285 412 531 466 capitalibus
563 411 757 465 inimicis,
791 412 989 452 dicuntur
1014 426 1130 452 arma
1156 410 1232 450 sibi
1257 425 1435 464 parasse,
1468 412 1606 452 literas

284 482 384 522 salvi
419 482 653 522 conductus
691 482 742 522 ab
780 482 974 522 hostibus
1014 496 1260 536 procurasse
1299 491 1340 523 et
1379 482 1606 523 consilium

283 552 445 592 domini
478 552 609 593 nostri
642 552 748 607 regis
781 561 1002 607 tamquam
1026 552 1181 593 falsum
1204 553 1373 607 publice
1397 552 1604 593 difidasse.

248 634 263 666 5
340 623 430 663 Istis
484 623 716 678 suppositis
756 637 854 664 cum
899 623 1043 664 multis
1083 623 1173 664 aliis
1213 638 1295 678 que
1340 637 1453 664 nunc
1499 626 1686 664 essetThe
1706 628 1892 664 questionis

1619 662 1719 690 wlieth
1726 671 1758 691 er
1778 663 1799 691 it
1828 673 1892 691 was

279 693 404 733 nimis
448 693 627 748 longum
661 693 873 744 disserere,
907 694 1094 748 queritur
1125 702 1268 734 utrum
1300 694 1397 734 licet
1434 694 1519 747 regi
1565 703 1604 733 et
1629 697 1877 768 Ιοῗῗκᾶἓιξῐηῑξῄῐεῡοκηε

277 777 406 817 regno
440 777 518 804 suo
550 764 593 804 in
618 777 714 804 casu
730 764 811 804 isto
845 764 974 804 facere
1008 774 1054 805 ut
1087 763 1184 804 dicti
1210 764 1360 817 captivi
1386 764 1435 803 de
1458 765 1601 804 West-
1649 770 1866 839 sggsctffigyogt

276 833 538 874 monasterio
562 834 843 874 extrahantur.
879 834 932 874 Et
955 834 1101 874 dicunt
1124 835 1340 875 canoniste
1366 844 1405 874 et
1428 834 1601 874 civiliste
1636 837 1870 866 Westminster.

277 912 365 944 tam
396 904 511 958 regni
546 904 680 944 nostri
713 918 844 958 quam
876 904 1042 957 imperii
1077 906 1207 958 quod,
1241 905 1463 958 supposita
1495 905 1600 944 veri-

222 982 358 1014 10tate
392 988 522 1025 casm,
557 988 644 1014 non
679 975 871 1014 obstante
911 988 1169 1029 quocunque
1203 975 1423 1029 privilegio
1458 976 1599 1015 VVest-

274 1045 520 1085 monasterii
552 1044 649 1085 licet
682 1059 754 1085 eos
787 1045 1010 1085 extrahere.
1046 1045 1256 1099 Theologi
1291 1055 1433 1086 autem
1456 1046 1602 1085 dicunt

275 1115 537 1155 concorditer
559 1116 690 1169 quod,
714 1115 933 1169 supposita
955 1115 1126 1156 veritate
1150 1130 1267 1155 casus
1292 1116 1483 1169 expositi,
1506 1116 1602 1156 licet

274 1199 345 1225 eos
379 1186 603 1237 extrahere,
638 1187 844 1226 servando
878 1194 1019 1226 tamen
1053 1200 1124 1225 eos
1156 1186 1198 1225 in
1221 1186 1306 1226 vita
1329 1195 1368 1226 et
1400 1186 1598 1226 membris

271 1255 519 1296 incolumes.
565 1257 609 1296 In
642 1256 723 1296 isto
767 1265 910 1296 autem
956 1256 1132 1296 articulo
1178 1256 1351 1296 intendo
1386 1256 1599 1296 condicio·
1617 1268 1891 1304 Takingthecase

217 1332 254 1365 15
271 1326 418 1366 naliter
441 1341 489 1366 ex
511 1326 812 1379 supposicione
833 1326 1017 1366 veritatis
1042 1340 1160 1366 casus
1186 1327 1335 1366 narrati
1360 1328 1599 1380 procedere,
1616 1306 1890 1368 Siiltixiixsasswifiile'

270 1405 309 1436 et
342 1411 417 1436 nec
450 1396 712 1437 invasionem
745 1396 868 1437 occisi
903 1410 982 1437 nec
1005 1411 1124 1436 suam
1149 1396 1406 1436 occisionem
1428 1406 1601 1450 propter
1673 1375 1831 1438 fffiastiiisse:

268 1466 558 1520 ignoranciam
591 1468 753 1507 occulte
787 1467 1104 1507 circumstancie
1137 1468 1426 1520 comprobare.

219 1542 254 1575 B
327 1537 494 1586 Quibus
539 1537 768 1591 suppositis
805 1538 1020 1578 conclusio
1055 1538 1355 1591 theologorum
1400 1539 1598 1577 suadetur
1614 1558 1633 1577 1.
1656 1549 1754 1589 Gpd's
1775 1549 1834 1577 law
1855 1559 1887 1578 as

267 1607 494 1660 tripliciter.
521 1609 601 1647 Pro
625 1608 764 1660 primo
788 1617 1039 1662 argumento
1073 1622 1273 1662 suppono
1289 1608 1428 1661 primo
1461 1609 1597 1661 legem
1664 1594 1756 1656 ngxest
1774 1586 1828 1655 113?

210 1691 252 1713 20
268 1678 430 1717 domini
455 1678 590 1718 Exodi
614 1679 732 1718 XXIO
765 1679 965 1732 capitulo,
1003 1691 1063 1730 14,
1088 1680 1229 1718 datam
1252 1679 1410 1732 Moysi:
1437 1679 1482 1718 Si
1504 1681 1597 1731 quis

265 1747 317 1788 de
350 1748 566 1789 industria
611 1749 817 1789 occiderit
850 1750 1111 1802 proxz‘mmn
1145 1762 1269 1788 suum
1305 1756 1343 1789 et
1372 1762 1458 1801 per
1490 1750 1594 1789 insi—

265 1818 372 1870 dias,
406 1820 458 1859 ab
493 1821 626 1860 altari
670 1832 762 1859 meo
801 1819 959 1859 evellas
1005 1833 1116 1870 cum,
1158 1826 1202 1859 ut
1234 1819 1475 1868 occidatur,
1524 1819 1593 1859 ubi

265 1898 436 1929 notatur
466 1890 605 1943 primo
647 1904 695 1929 ex
734 1899 881 1929 natura
920 1889 1222 1929 condicionalis
1261 1890 1379 1942 quod
1410 1890 1474 1929 lex
1518 1890 1594 1928 ista

264 1959 388 1999 debet
420 1973 507 1999 esse
540 1968 755 2013 perpetua.
791 1960 985 1999 Secundo
1019 1968 1189 1998 notatur
1212 1961 1328 2013 quod
1360 1973 1477 1999 mora
1503 1959 1593 1998 talis

208 2028 305 2068 25in
340 2030 576 2070 sanctuario
600 2044 686 2070 non
721 2030 844 2069 debet
876 2043 963 2069 esse
997 2044 1044 2069 ex
1079 2029 1221 2083 aliquo
1245 2029 1465 2082 privilegio
1497 2043 1591 2082 per-

263 2109 393 2153 petuo
427 2101 673 2154 constipata,
697 2100 793 2139 ideo
817 2099 917 2139 dicit
938 2100 1096 2139 evellas
1119 2113 1229 2139 eum.
1249 2098 1399 2138 Tercio
1423 2108 1593 2139 notatur

263 2172 379 2223 quod
402 2183 595 2210 summus
617 2171 770 2224 gradus
793 2169 1022 2209 sanctitatis
1045 2169 1125 2208 loci
1150 2182 1237 2208 non
1260 2169 1384 2208 debet
1406 2168 1590 2223 aliquem

262 2240 389 2279 talem
434 2241 474 2279 in
509 2240 775 2281 immunitate
809 2239 1084 2279 ecclesiastica
1117 2252 1374 2290 conservare,
1409 2253 1505 2279 cun]
1540 2240 1590 2278 ab

262 2310 378 2349 altari
412 2310 482 2364 qui
516 2319 577 2351 est
607 2311 725 2350 locus
759 2310 1029 2363 dignissimus
1063 2309 1233 2349 ecclesie
1265 2309 1356 2349 talis
1378 2309 1590 2348 homicida

204 2380 246 2413 30
264 2379 382 2418 evelli
416 2380 575 2421 debeat.

321 2449 517 2489 Secundo
534 2459 801 2503 supponatur
818 2449 976 2490 factum
995 2449 1195 2503 sapientis
1216 2449 1321 2502 regis
1345 2449 1588 2489 Salomonis
1632 2458 1840 2523 2033]th-

263 2519 337 2558 ΙΙΙΟ
369 2520 537 2574 Regum
573 2526 617 2558 20
650 2534 756 2574 cap„
792 2520 863 2560 ubi
897 2520 993 2560 fecit
1025 2519 1159 2560 occidi
1204 2520 1307 2559 Joab
1353 2521 1405 2559 ad
1454 2534 1584 2560 cornu
1613 2529 1856 2593 Soloijnorsswith

1711 2574 1747 2593 oa
1775 2588 1781 2593 .

315 2654 334 2673 1.
355 2646 384 2672 A
402 2646 458 2679 A1:
501 2645 634 2673 convicti
671 2646 841 2680 (coniucti).
993 2655 1023 2680 4.
1045 2646 1074 2676 A
1093 2645 1123 2673 in
1146 2653 1261 2680 marg:
1302 2645 1412 2685 Utrung
1454 2645 1523 2673 licet
1553 2646 1582 2673 in

263 2700 336 2719 casu
356 2693 436 2719 infra
456 2693 560 2728 posito
588 2692 734 2719 invadere
760 2692 996 2720 monasterium.
1141 2692 1168 2719 6.
1190 2693 1218 2719 A
1240 2693 1269 2719 in
1291 2700 1406 2727 marg:
1438 2691 1584 2727 Questio.

261 2738 289 2765 8.
319 2740 348 2766 A
376 2739 404 2766 in
427 2746 544 2773 marg:
570 2738 745 2773 Responsio
772 2740 960 2774 legistarum.
1108 2747 1142 2766 ιι.
1163 2739 1191 2766 Α
1217 2738 1247 2766 in
1271 2746 1387 2773 marg.:
1411 2738 1584 2774 Responsla

259 2786 488 2820 theologorum.
613 2786 650 2814 15.
673 2787 699 2813 A
723 2787 760 2820 A1
781 2785 820 2812 B:
844 2794 933 2813 casus
961 2787 1056 2813 deest.
1161 2793 1203 2813 22.
1225 2787 1254 2813 A
1276 2785 1305 2812 in
1328 2793 1442 2819 marga
1466 2786 1584 2821 Duplex

261 2832 455 2867 supposicio.
601 2833 644 2860 23.
667 2832 710 2859 D:
737 2838 844 2860 natura
866 2833 1074 2860 condicionali
1213 2832 1250 2859 31.
1278 2832 1320 2858 B:
1354 2831 1530 2859 Salomonis
1553 2848 1584 2852 —

260 2878 290 2905 in
321 2879 543 2907 thabernaculo
563 2879 658 2906 deest.
