2045 3312
271 240 360 270 CAP.
385 229 498 288 xxm]
771 243 831 276 DE
857 242 1095 275 ECCLESIA.

117 367 186 400 Ε
172 356 307 398 200¹›et
346 349 516 404 angelis
559 348 652 388 eius
695 354 789 388 oret
819 349 1011 388 ecclesia.
1046 348 1145 389 Hec
1184 362 1288 402 ergo
1330 361 1462 388 causa
1509 361 1594 401 qua

235 647 251 679 5

171 1009 237 1030 200

212 1350 248 1381 15

206 1711 248 1732 20

207 2062 246 2083 23

254 420 315 474 fit
348 427 393 459 ut
424 432 538 459 nunc
571 418 748 459 ecclesia
782 431 865 458 non
899 426 994 459 oret
1016 432 1103 472 pro
1133 420 1259 459 malis
1292 419 1462 473 angelis
1491 431 1596 472 quos

268 503 372 531 suos
404 490 521 531 novit
551 502 644 530 esse
682 489 900 540 ininzicos;
936 488 1083 530 eadem
1123 490 1217 542 ipsa
1251 502 1385 529 causa
1418 495 1479 529 est
1511 502 1595 542 qua

253 561 339 615 fiet
371 568 417 601 ut
437 561 479 601 in
504 561 577 601 illo
598 567 701 600 tunc
723 560 880 600 iudicio
904 560 1040 600 eciam
1068 573 1153 613 pro
1177 559 1418 599 hominibus
1449 566 1595 599 eterno

269 633 362 686 igni
392 630 651 682 cruciandis,
695 631 890 683 quamvis
935 631 1059 670 lzomo
1096 630 1297 684 perfecta
1341 631 1398 670 sit
1439 630 1595 669 sancti-

268 709 366 751 tate,
416 715 500 742 non
545 707 650 741 oret.
685 701 814 740 Nunc
857 700 967 740 enim
1005 707 1242 754 propterea
1279 713 1365 754 pro
1405 701 1467 740 eis
1499 708 1598 740 orat

269 786 375 826 quos
407 773 448 812 in
481 785 642 826 genere
675 771 861 811 humano
894 770 1019 811 habet
1050 771 1260 821 inimicos,
1293 770 1394 825 quia
1426 777 1596 824 tempus

267 850 330 883 est
352 843 595 896 penitencie
613 841 865 896 fructuose.
903 840 1026 881 Unde
1059 849 1153 881 orat
1185 839 1314 896 (sicut
1352 841 1453 881 dicit
1483 841 1595 894 Apo-

265 912 439 968 stolus),
477 920 523 953 ut
554 913 675 953 Deus
713 912 783 953 det
818 912 904 953 illis
933 912 1222 966 penitenciam
1263 918 1303 951 et
1342 911 1597 965 resipiscant

242 983 317 1024 ode
350 983 529 1036 dyaboli
562 983 728 1037 laqueis
751 983 773 1007 '³‘
796 997 821 1022 a
846 996 928 1037 quo
953 982 1110 1036 captivi
1133 988 1334 1023 tenentur
1356 981 1593 1023 secundum

267 1055 400 1107 ipsius
432 1054 707 1095 voluntatem.
741 1053 956 1107 Denique,
989 1053 1144 1106 inquit,
1177 1052 1228 1092 de
1275 1053 1492 1107 aliquibus
1536 1052 1594 1091 ita

266 1132 386 1165 certa
431 1131 552 1176 esset,
593 1131 638 1164 ut
673 1125 747 1178 qui
787 1124 870 1164 sint
917 1123 983 1164 illi
1016 1130 1171 1172 nosset,
1207 1124 1279 1177 qui
1311 1123 1406 1163 licet
1437 1124 1479 1163 in
1513 1123 1595 1162 lzac

268 1196 352 1236 vita
385 1195 601 1235 constituti
630 1201 745 1245 sunt,
779 1200 920 1235 tamen
955 1194 1246 1247 predestinati
1282 1193 1346 1233 ire
1377 1193 1419 1232 in
1453 1193 1593 1247 ignem

267 1273 462 1307 eternum
495 1279 591 1306 cum
625 1265 838 1319 dyabolo,·
869 1271 955 1304 tanz
983 1278 1069 1319 pro
1093 1265 1153 1305 eis
1176 1278 1258 1304 non
1292 1270 1442 1304 oraret
1463 1277 1591 1317 quam

267 1350 343 1377 nec
358 1349 445 1390 pro
468 1337 571 1390 ipso.
597 1336 659 1376 Ex
682 1336 770 1375 istis
794 1345 911 1389 patet
941 1335 1058 1388 quod
1083 1349 1209 1375 nemo
1240 1344 1381 1375 oraret
1412 1348 1489 1388 pro
1523 1335 1594 1374 illo

265 1407 505 1461 specialiter
538 1420 666 1460 quem
700 1406 780 1446 scit
812 1406 1119 1460 perpetualiter
1153 1414 1252 1445 ante
1287 1415 1459 1459 tempus
1499 1418 1591 1444 ora-

265 1477 398 1517 cionis
439 1491 529 1517 esse
570 1477 853 1530 dampnatum
887 1486 1110 1530 perpetuo.
1148 1476 1266 1527 Item,
1303 1476 1453 1516 beatus
1488 1474 1592 1515 Gre‹

265 1547 411 1600 gorius
450 1547 654 1587 XXXIV0
688 1546 920 1587 Moralium
961 1546 1148 1600 capitulo
1179 1570 1238 1576 --
1270 1545 1372 1585 dicit
1413 1545 1593 1584 eandem

264 1618 527 1658 sentenciam
566 1631 663 1657 curn
696 1618 965 1670 Augustino:
1005 1616 1085 1656 Ubi
1117 1624 1193 1667 est,
1227 1616 1438 1670 inquiunt,
1478 1615 1594 1669 quod

263 1695 364 1728 sunt
392 1689 547 1738 sancti,
579 1689 618 1728 si
642 1701 729 1741 pro
761 1688 944 1728 inimicis
965 1688 1056 1728 suis
1084 1700 1191 1740 quos
1226 1687 1383 1727 ardere
1410 1686 1593 1727 viderint

264 1772 347 1799 non
387 1759 587 1800 orabunt.
634 1758 715 1798 Sed
753 1758 1089 1812 respondemus:
1127 1757 1267 1797 Orant
1290 1770 1376 1810 pro
1411 1757 1593 1796 inimicis

262 1829 352 1869 suis
381 1843 428 1869 eo
459 1836 647 1883 tempore
676 1842 758 1883 quo
784 1836 972 1882 possunt
1007 1828 1066 1868 ad
1090 1828 1376 1882 fructuosam
1396 1828 1591 1881 peniten-

264 1900 374 1939 ciam
394 1913 543 1940 eorum
568 1899 701 1939 corda
733 1906 992 1939 convertere.
1019 1898 1101 1940 Sed
1132 1899 1344 1952 quomodo
1377 1905 1480 1938 tunc
1505 1911 1591 1950 pro

263 1970 352 2009 illis
385 1970 595 2022 orabitur,
627 1969 800 2022 quando
835 1970 918 2009 ianz
955 1983 1038 2008 non
1064 1976 1251 2021 possunt
1284 1969 1337 2008 ab
1371 1969 1592 2021 iniquitate

233 2040 322 2079 *ad
365 2041 528 2080 iusticie
572 2053 702 2092 opera
747 2040 1029 2080 commutari?
1071 2038 1235 2079 Eadem
1271 2039 1411 2092 itaque
1455 2052 1589 2078 causa

264 2118 339 2160 est,
370 2125 450 2151 cur
480 2118 581 2151 tunc
621 2125 706 2151 non
739 2118 888 2151 oretur
912 2123 998 2163 pro
1030 2110 1273 2150 hominibus
1305 2109 1397 2149 istis
1438 2109 1589 2162 damp-

265 2181 390 2232 natis,
435 2194 517 2234 que
560 2194 694 2221 causa
739 2188 803 2222 est
834 2195 948 2221 nunc
982 2188 1028 2220 ut
1060 2193 1143 2220 non
1183 2187 1336 2221 oretur
1371 2193 1457 2232 pro
1497 2181 1589 2232 ipso

263 2251 463 2305 dyabolo,
498 2252 551 2292 Et
585 2252 716 2292 multa
749 2252 904 2292 similia
937 2252 994 2291 ibi
1028 2250 1170 2291 infert.

219 2331 251 2364 F
323 2322 457 2362 Racio
490 2330 634 2361 autem
659 2323 855 2362 omnium
880 2322 1061 2362 istorum
1086 2330 1333 2361 sanctorum
1359 2321 1588 2360 doctorum

207 2401 249 2433 30
266 2401 349 2432 stat
382 2392 423 2431 in
458 2393 562 2432 isto:
584 2393 724 2432 Nemo
759 2393 885 2432 debet
919 2406 1040 2432 orare
1065 2392 1204 2432 Deum
1238 2392 1476 2444 specialiter
1510 2405 1589 2444 pro

316 2528 356 2555 18.
377 2530 406 2556 A
426 2530 456 2556 in
478 2537 594 2564 marg:
617 2529 800 2565 Gregorius.
923 2528 962 2557 18.
984 2528 1137 2565 capitt1103
1159 2528 1298 2564 sequitur
1319 2530 1429 2556 lacuna
1449 2529 1479 2556 in
1495 2529 1587 2556 codd.

264 2584 306 2612 ¹9⁴
329 2576 367 2602 ss:
395 2576 478 2612 quod
499 2592 532 2596 --
552 2576 616 2603 suis
638 2577 732 2604 deest.
877 2585 925 2611 24.
946 2577 979 2603 ln
1007 2576 1116 2603 codd.:
1145 2576 1196 2612 qui
1224 2576 1283 2603 iam
1313 2584 1386 2603 non.
1421 2574 1552 2603 Correxi
1573 2584 1588 2602 e

263 2627 344 2650 textu
377 2623 405 2651 b.
440 2623 534 2658 Greg.
679 2631 726 2660 29.
760 2624 844 2651 Ain
870 2632 987 2659 marga
1021 2623 1125 2651 Racio.
1160 2623 1229 2651 Non
1264 2628 1309 2650 est
1342 2623 1497 2650 orandum
1531 2631 1587 2658 pro

264 2670 440 2706 dampnatis
464 2676 623 2707 perpetue,
655 2671 815 2699 modicum
842 2679 937 2707 supra
958 2671 1027 2699 vide
1059 2673 1179 2706 (Above
1200 2676 1272 2698 200C
1294 2670 1423 2698 without
1450 2670 1535 2697 mark
1557 2669 1591 2696 of

262 2716 444 2752 reference).

326 2836 375 2857 11.
414 2826 452 2858 ΙΙ.
487 2825 644 2857 Timoth.
690 2827 729 2865 ΙΙ,
775 2825 827 2858 26.
992 2826 1042 2857 18.
1078 2826 1237 2868 Gregorii
1276 2825 1397 2856 Moral.
1436 2824 1586 2863 XXXIV,

263 2893 337 2926 cap.
362 2884 439 2917 XIX
468 2884 548 2926 [vet.
566 2883 660 2927 Xlll]
687 2885 721 2916 in
748 2895 821 2927 cap.
840 2886 926 2918 XLI.
955 2885 987 2916 b.
1006 2886 1083 2917 Job.
1111 2885 1206 2928 Opp.
1233 2892 1315 2916 tom.
1338 2884 1360 2924 l,
1387 2894 1463 2926 pag.
1491 2883 1585 2915 1133.

1807 232 1885 272 525
