2045 3312
191 254 270 295 526

198 379 256 406 XVe
278 377 374 411 ought
398 380 451 404 not

235 420 265 441 to
288 420 362 449 pray
383 411 433 440 for

188 451 268 477 what
290 457 335 475 we
361 449 452 476 know

212 485 281 512 God
303 485 362 511 will
385 488 441 511 not

276 525 376 555 grant.

253 2566 303 2594 All
326 2566 405 2600 right

194 2609 320 2638 prayers
349 2610 399 2629 are
421 2599 470 2627 sor

210 2637 260 2663 Ille
289 2636 452 2663 fulsilment

206 2672 240 2698 ol*
259 2671 358 2699 God's
384 2672 457 2702 will,

914 257 1143 290 JOHANNJS
1170 257 1370 291 WYCLIF.
1582 246 1687 305 [CAP.
1709 257 1804 286 xxn.

479 361 622 414 aliquo
655 361 941 414 impetrando,
975 363 1093 416 quod
1132 363 1211 403 scit
1244 373 1344 404 tunc
1377 365 1466 404 fore
1505 365 1800 406 irracionabile
1818 381 1898 410 200⁰

479 432 618 471 Deum
658 432 738 471 sibi
779 433 1011 472 concedere
1051 442 1091 473 et
1130 433 1395 486 impossibile
1435 434 1515 474 sibi
1548 436 1689 488 ipsum
1729 437 1800 477 ad-

479 502 662 555 quirere,
698 503 770 542 sed
805 502 863 542 sic
897 502 1006 543 foret
1031 504 1081 542 de
1106 504 1300 557 quolibet
1332 505 1515 545 scienter
1544 515 1692 546 orante
1725 520 1803 560 pro

481 572 800 613 beatificacione
841 573 1027 613 hominis
1066 587 1194 627 quem
1232 575 1310 614 scit
1345 575 1485 614 Deum
1515 575 1568 614 ad
1601 576 1805 630 dampna-

481 643 648 683 cionem
689 652 943 696 perpetuam
986 643 1226 696 ordinasse3
1261 657 1362 697 ergo
1397 645 1628 686 conclusio.
1662 646 1838 690 Minor5

480 723 598 766 patet
643 727 691 753 ex
735 713 817 753 hoc
861 714 978 767 quod
1022 727 1148 754 orans
1194 715 1353 754 nedum
1393 715 1519 756 sciret
1558 716 1803 756 oracionem

480 784 730 823 huiusmodi
765 783 855 823 fore
889 783 1061 835 frustra,
1095 784 1168 824 sed
1203 784 1313 825 foret
1346 785 1528 825 scienter
1566 788 1804 827 contrarius

479 855 690 895 voluntati
737 855 896 907 divine,
937 863 977 894 et
1021 869 1097 908 per
1134 869 1401 910 consequens
1440 857 1611 910 ineptus
1651 858 1702 897 ad
1743 859 1804 897 di—

481 925 663 965 cendum
703 938 752 965 ex
785 924 928 965 animo
969 926 1213 965 oracionem
1253 939 1382 980 quam
1418 926 1616 967 Christus
1657 928 1804 968 docuit

479 995 661 1034 Matthei
685 994 778 1047 V10,
810 1005 876 1035 10:
902 995 1003 1035 Fiat
1033 997 1234 1037 voluntas
1257 1004 1328 1036 tua
1354 998 1394 1036 in
1417 999 1507 1038 celo
1530 1005 1569 1038 et
1591 999 1633 1038 in
1663 1005 1799 1038 terra.
1825 1018 1863 1040 10

481 1064 716 1114 Quomodo
764 1079 898 1118 queso
945 1067 1100 1106 subicit
1132 1068 1221 1120 ipse
1270 1068 1488 1109 humiliter
1538 1069 1804 1109 voluntatem

481 1149 603 1175 suam
642 1136 853 1175 voluntati
896 1136 1039 1176 divine
1072 1137 1145 1190 qui
1178 1138 1295 1178 videt
1328 1138 1437 1178 clare
1470 1139 1584 1192 quod
1620 1138 1673 1178 sit
1706 1139 1801 1192 pul-

480 1206 629 1246 chrum
671 1216 711 1246 et
751 1207 854 1246 utile
887 1216 934 1246 ut
965 1207 1023 1246 sic
1057 1206 1131 1247 fiat
1165 1221 1213 1247 ex
1252 1208 1527 1248 ordinacione
1562 1209 1719 1259 divina,
1765 1218 1806 1248 et

479 1277 732 1331 oppositum
774 1277 884 1317 foret
917 1277 1205 1330 dampnosum
1246 1288 1286 1318 et
1319 1287 1458 1332 turpe,
1493 1288 1533 1319 et
1567 1288 1710 1318 tamen
1742 1279 1804 1317 in-

479 1358 562 1388 stat
608 1357 654 1388 ut
694 1349 809 1387 Deus
843 1347 968 1388 faciat
1001 1348 1104 1388 illud
1146 1349 1261 1402 quod
1305 1349 1356 1388 de
1396 1350 1507 1390 facto
1553 1348 1663 1388 foret
1706 1349 1860 1390 isra-15

480 1418 701 1459 cionabile.
763 1419 874 1458 Nam
919 1418 1099 1472 proinde
1140 1418 1250 1458 foret
1296 1432 1344 1458 ac
1382 1419 1415 1458 si
1456 1429 1624 1472 rogaret
1662 1419 1802 1458 Deum

479 1498 646 1528 mutare
686 1502 813 1528 suum
852 1488 1125 1543 propositum
1166 1498 1206 1529 et
1251 1489 1573 1529 ordinacionem
1613 1498 1802 1529 eternam

480 1559 544 1598 vel
598 1559 822 1599 meliorare
876 1560 1088 1599 mundum
1141 1559 1184 1598 in
1237 1557 1454 1599 infinitum
1507 1560 1616 1599 ultra
1670 1572 1801 1612 quam

480 1630 684 1682 decrevit,
732 1630 797 1669 vel
841 1643 963 1669 orare
1008 1639 1056 1670 ut
1093 1629 1208 1669 Deus
1249 1643 1335 1669 non
1368 1629 1589 1682 permittat
1628 1629 1802 1682 aliquod

482 1701 642 1740 malum
687 1700 779 1740 fieri
829 1700 945 1753 quod
990 1700 1074 1739 iam
1121 1708 1183 1739 est
1216 1700 1482 1752 preteritum.
1529 1700 1612 1740 Sed
1654 1700 1803 1739 Petrus
1821 1718 1862 1739 20

481 1771 661 1811 Matthei
685 1771 820 1820 XV10‚
847 1771 897 1810 23
922 1780 1098 1823 propter
1132 1771 1258 1809 talem
1291 1770 1515 1810 adversam
1545 1770 1803 1822 peticionem

482 1852 659 1882 vocatus
694 1852 756 1882 est
791 1842 1002 1882 Sathanas
1042 1842 1094 1880 ab
1137 1841 1209 1880 illo
1248 1842 1321 1893 qui
1354 1841 1560 1880 Johannis
1592 1839 1746 1890 XV110‚
1780 1853 1803 1891 9

481 1914 600 1953 dicit:
647 1913 743 1952 Non
781 1925 866 1965 pro
899 1911 1059 1951 mundo
1092 1924 1200 1965 rogo
1240 1909 1340 1966 (hoc
1385 1920 1461 1961 est,
1502 1924 1579 1965 pro
1613 1909 1805 1963 prescitis

481 1997 666 2036 quorum
701 1983 956 2036 dampnacio
1000 1991 1061 2022 est
1104 1995 1200 2021 cum
1241 1979 1438 2035 mundo),
1482 1990 1522 2020 et
1558 1994 1581 2020 a
1615 1993 1702 2033 quo
1737 1980 1805 2019 Jo-

482 2055 642 2093 hannes
680 2053 801 2092 dicit:
847 2052 926 2092 Est
949 2058 1177 2105 peccatum
1211 2051 1268 2091 ad
1306 2058 1502 2100 mortem,
1532 2063 1616 2090 non
1642 2062 1727 2103 pro
1759 2063 1806 2089 eo
1823 2058 1862 2090 25

481 2124 590 2174 dico,
610 2130 655 2163 ut
676 2129 798 2177 roget
821 2124 929 2176 quis,
956 2123 990 2162 1²¹
1012 2121 1217 2162 Johannis
1241 2122 1393 2161 ultimo
1424 2122 1484 2161 16.
1506 2122 1559 2160 Et
1581 2121 1656 2160 hec
1680 2121 1806 2172 racio,

482 2208 613 2248 quare
648 2195 758 2234 beati
784 2207 869 2233 non
894 2202 1047 2246 rogant
1071 2193 1149 2232 nisi
1173 2206 1252 2245 pro
1276 2192 1413 2245 dignis
1443 2205 1554 2245 quos
1584 2191 1807 2229 intuentur

486 2266 624 2304 Deum
659 2265 763 2303 velle
798 2265 963 2314 iuvare3
1002 2263 1120 2302 aliter
1154 2263 1266 2302 enim
1301 2261 1441 2301 forent
1480 2261 1707 2301 miserrimi
1742 2260 1807 2299 vel

484 2335 684 2387 languide
717 2349 738 2373 a
774 2335 984 2387 peticione
1017 2346 1093 2373 sua
1127 2332 1337 2383 frustrati,
1372 2333 1435 2370 vel
1475 2332 1596 2370 aliter
1636 2340 1807 2370 orarent

484 2405 640 2445 frustra
682 2414 827 2444 contra
862 2404 1126 2442 voluntatem
1172 2416 1292 2442 suam
1340 2415 1419 2454 pro
1466 2402 1536 2440 illo
1582 2401 1698 2454 quod
1752 2400 1803 2438 de
1823 2410 1865 2440 30

485 2484 716 2527 appetunt3
751 2474 868 2528 quod
903 2463 1011 2513 foret
1045 2474 1084 2511 in
1120 2473 1178 2512 eis
1212 2485 1368 2523 magna
1402 2471 1645 2524 duplicitas.

546 2546 645 2584 Ideo
698 2554 812 2597 patet
867 2544 982 2597 quod
1036 2542 1246 2596 quidquid
1304 2540 1438 2580 fidelis
1497 2541 1573 2580 rite
1627 2539 1861 2581 oraveritG

487 2614 763 2654 effectualiter
787 2615 943 2653 adhoc
978 2615 1113 2653 tendit
1147 2613 1262 2665 quod
1288 2613 1400 2651 Deus
1436 2611 1561 2650 faciat
1595 2612 1634 2649 in
1670 2610 1806 2649 omni--

489 2686 565 2723 bus
601 2685 702 2723 illud
739 2685 855 2737 quod
890 2684 968 2722 sibi
1003 2684 1218 2722 videbitur
1248 2682 1456 2735 expedire.
1492 2682 1545 2720 Et
1570 2681 1626 2720 sic
1659 2694 1808 2720 omnes

540 2864 568 2890 9.
591 2857 616 2883 Α
640 2857 695 2889 A,:
718 2855 884 2882 dicendum
907 2855 988 2890 qnod
1012 2854 1131 2881 animo.
1276 2861 1316 2880 22.
1340 2852 1382 2879 213.
1404 2854 1431 2880 A
1455 2852 1493 2878 B:
1514 2851 1669 2879 johannes
1691 2851 1807 2878 didicit.

488 2902 526 2930 31.
549 2904 586 2930 de
607 2907 772 2938 appetunt;
795 2902 934 2929 Verbum
956 2902 1111 2929 excidisse
1132 2901 1262 2928 videtur.
