2045 3312
158 995 342 1031 Obiection:

142 1030 211 1059 The
233 1031 352 1059 Roman

111 1066 237 1094 Church
258 1066 283 1094 is
301 1075 388 1094 com-

120 1102 226 1138 monly
247 1102 358 1129 under-

147 1137 240 1164 stood
262 1136 298 1164 of
315 1137 364 1164 the

112 1173 196 1208 Pope
227 1172 288 1199 and
310 1171 387 1200 Car—

193 1207 304 1234 dinals.

126 1571 207 1603 Whv
227 1578 298 1606 may
319 1574 371 1596 not

152 1602 224 1633 ”the
244 1604 344 1632 whole

120 1640 267 1668 Cnurcli’'
288 1647 377 1667 mean

114 1677 163 1703 the
176 1676 275 1702 whole
288 1675 387 1711 ofuny

146 1711 228 1746 body
249 1710 283 1738 of
300 1710 350 1738 the

171 1745 303 1773 faithful.

168 1864 319 1889 Answer:

108 1897 224 1925 XVliole
253 1896 278 1924 is
308 1896 384 1924 used

109 1933 138 1960 in
160 1933 286 1960 various
313 1940 384 1959 sen-

223 1976 272 1995 ses

836 258 1061 290 JOHANNIS
1086 258 1282 291 Wchir.
1548 242 1653 302 [CAP.
1677 255 1714 283 v.

404 366 525 406 creati
559 366 682 406 debet
714 365 808 419 plus
848 378 934 404 esse
973 364 1109 418 gracia
1154 365 1217 405 sui
1251 365 1386 406 tocius
1432 380 1560 420 quam
1592 367 1730 422 gracia
1747 377 1880 419 141“R,

404 435 627 490 suiipsius.
651 436 705 476 Et
719 435 776 476 sic
792 448 941 475 omnes
960 444 1143 476 creature
1174 444 1214 476 et
1239 435 1401 489 singule
1434 448 1531 477 sunt
1554 437 1730 478 finaliter

404 516 576 561 propter
589 507 750 547 Deum:
782 515 822 546 et
854 505 928 545 hec
945 514 1006 546 est
1021 506 1147 558 racio,
1171 520 1297 560 quare
1329 507 1474 561 religio
1508 508 1730 549 christiana

404 577 622 618 ordinatur
652 590 790 618 amare
813 576 1032 616 communi
1064 576 1245 618 vivendo
1268 578 1502 619 mentaliter
1533 578 1574 617 in
1609 593 1725 620 com-

402 649 534 689 muni.
571 649 692 689 Unde
725 647 917 688 Christus
965 661 1053 687 non
1091 648 1232 701 potuit
1276 648 1449 689 civiliter
1493 650 1761 691 dominare.5

962 858 1084 900 CAP.
1118 860 1169 902 V.

463 978 544 1018 Sed
576 977 714 1018 adhuc
748 977 929 1018 obicitur
961 985 1105 1017 contra
1137 977 1247 1018 dicta
1269 991 1343 1031 per
1365 977 1445 1018 hoc
1469 979 1586 1032 quod
1609 993 1724 1019 com·
1741 998 1775 1031 A

404 1048 588 1089 munitas
621 1048 815 1101 intelligit
846 1061 919 1101 per
956 1047 1199 1086 Romanam
1238 1048 1456 1088 ecclesiam
1494 1063 1650 1103 papam
1687 1060 1727 1091 et

403 1119 631 1159 cardinales
665 1119 817 1173 quibus
851 1127 912 1159 est
943 1118 1228 1158 necessarium
1260 1119 1461 1160 omnibus
1503 1120 1592 1160 aliis
1625 1121 1724 1161 obe-

403 1189 502 1229 dire.
537 1190 591 1229 Et
623 1189 680 1229 sic
719 1188 913 1242 intelligit
957 1188 1092 1228 maior
1137 1202 1233 1242 pars
1265 1189 1437 1229 ecclesie
1480 1190 1522 1229 in
1555 1200 1723 1232 tantum
1745 1211 1783 1232 10

403 1260 521 1313 quod
553 1260 752 1299 dominus
798 1260 1089 1299 Ardmacanus
1138 1259 1280 1299 scribit
1317 1261 1571 1301 Innocencio
1616 1275 1724 1315 pape

402 1331 558 1371 librum
592 1331 653 1370 De
693 1330 897 1383 pauperie
942 1329 1098 1370 Christi
1131 1338 1352 1384 tamquam
1396 1331 1519 1384 capiti
1563 1332 1725 1372 univer-

403 1400 498 1441 salis
531 1400 715 1440 ecclesie.
751 1401 804 1440 Et
837 1400 966 1440 talem
998 1400 1143 1440 stilum
1175 1414 1198 1439 a
1249 1400 1479 1441 maioribus
1513 1411 1552 1442 et
1584 1402 1723 1442 mino-

402 1471 517 1512 ribus
560 1471 768 1525 recipiunt
811 1484 919 1524 pape
965 1470 1262 1522 communiter,
1308 1471 1379 1510 ubi
1423 1471 1621 1526 utrinque
1665 1483 1726 1514 est

402 1542 627 1582 verisimile
661 1542 778 1596 quod
810 1555 886 1581 nec
932 1555 1041 1594 papa
1084 1554 1160 1580 nec
1205 1554 1306 1581 suus
1350 1541 1484 1582 fidelis
1531 1543 1780 1584 subditus&

403 1611 564 1652 audiret
601 1612 729 1651 talem
761 1610 1038 1663 blasfemiam,
1072 1611 1106 1649 si
1139 1610 1258 1651 stilus
1291 1611 1359 1651 ille
1393 1611 1498 1652 foret
1521 1613 1723 1667 scripture

401 1696 513 1722 sacre
559 1682 802 1722 contrarius.
852 1682 993 1730 Quare
1033 1695 1132 1734 ergo
1166 1695 1252 1721 non
1297 1691 1437 1735 potest
1481 1683 1724 1724 universalis

400 1753 571 1793 ecclesia
593 1752 731 1792 vocari
754 1765 1006 1806 quecunque
1024 1751 1271 1792 universitas
1285 1751 1476 1793 fidelium
1489 1752 1724 1795 viatorum?

459 1835 539 1875 Hic
571 1834 722 1874 dicitur
754 1832 819 1891 (ut
852 1833 996 1889 supra)
1031 1835 1147 1889 quod
1179 1834 1303 1874 multi
1326 1835 1517 1876 laborant
1540 1836 1582 1876 in
1605 1838 1722 1892 equi-

400 1906 528 1958 vocis,
560 1906 780 1959 loquendo
813 1906 863 1945 de
897 1906 1082 1957 ecclesia,
1117 1907 1228 1946 unde
1252 1906 1535 1947 communiter
1557 1907 1721 1947 univer·
1741 1925 1783 1947 20

401 1976 498 2016 sitas
551 1975 935 2029 predestinatorum
986 1976 1201 2016 viancium
1252 1986 1425 2016 vocatur
1478 1977 1721 2018 universalis

401 2047 572 2087 ecclesia
603 2056 691 2087 tam
723 2047 764 2086 in
797 2047 959 2100 legibus
992 2061 1122 2101 quam
1153 2047 1195 2086 in
1229 2047 1485 2088 doctoribus.
1526 2049 1579 2088 Et
1610 2049 1722 2089 racio

399 2127 538 2171 potest
571 2131 660 2157 esse
692 2117 735 2156 in
767 2117 848 2157 hoc
869 2118 985 2171 quod
1008 2117 1085 2170 ipsi
1109 2117 1266 2157 habent
1288 2117 1488 2171 equivoce
1512 2119 1724 2159 racionem

398 2187 719 2241 inperfeccionis
752 2188 794 2226 in
827 2187 1080 2227 obscuritate
1111 2186 1213 2227 'fidei
1256 2202 1338 2242 qua
1382 2187 1453 2227 filii
1500 2190 1724 2243 superioris

401 2258 571 2299 ecclesie
587 2267 685 2298 sunt
707 2258 884 2312 purgati.
910 2258 962 2298 Et
985 2259 1100 2312 quod
1133 2258 1228 2311 plus
1262 2267 1342 2298 est:
1376 2258 1519 2312 Aliqui
1553 2260 1723 2299 descen-
1742 2265 1781 2297 25

453 2362 477 2390 5.
498 2363 527 2390 A
556 2363 617 2397 A‚:
656 2362 831 2389 dominare.
865 2362 897 2388 ln
930 2348 1034 2397 iigiha
1068 2362 1277 2390 pentecostes.
1388 2362 1425 2390 15.
1455 2364 1500 2390 A:
1534 2363 1727 2392 verissimile.

401 2410 440 2437 10,
465 2410 520 2444 λῃ
541 2410 679 2437 auderet.
822 2417 864 2446 ¹9-
887 2411 915 2437 A
935 2409 964 2437 in
986 2418 1099 2445 marga
1121 2408 1258 2437 Ecclesia
1274 2408 1483 2445 equivocacio.

458 2494 511 2526 Ad
523 2504 596 2536 cap.
608 2495 664 2526 lV.
677 2494 719 2526 cf.
735 2495 820 2533 Hus,
837 2494 888 2525 De
904 2495 987 2526 eccl.
1003 2494 1062 2526 fol.
1079 2494 1170 2536 216³,
1186 2504 1281 2538 204⁸,
1300 2494 1393 2536 204b,
1411 2498 1503 2539 203.„
1526 2496 1612 2542 roob,
1636 2502 1722 2541 197⁰,

406 2551 495 2598 ι()3”γ
527 2551 615 2596 19(ι““,
647 2557 738 2585 2οο“.
807 2564 854 2585 ιι.
872 2554 923 2586 Cf.
941 2554 1026 2585 (jod.
1041 2555 1109 2598 pal.
1128 2555 1326 2588 Vindobon.
1353 2557 1449 2598 1430,
1468 2556 1560 2589 Libri
1587 2565 1721 2600 septem

402 2613 444 2644 de
471 2619 672 2655 paupertate
700 2613 889 2645 salvatoris
905 2623 967 2645 seu
984 2614 1026 2645 de
1053 2615 1276 2648 mendicitate
1294 2616 1448 2648 fratrum.
1467 2616 1523 2647 sol.
1545 2619 1575 2648 ι’*
1591 2616 1723 2661 —118;

402 2672 461 2703 sol.
479 2670 560 2711 1¹·,in
581 2671 829 2713 margine51ste
840 2679 891 2703 est
908 2671 993 2703 liber
1009 2673 1164 2715 magistri
1176 2674 1353 2706 Arialberti
1368 2674 1541 2706 Ranconis
1557 2674 1599 2705 de
1615 2674 1721 2706 Erici-

402 2730 460 2762 nio
487 2729 520 2761 in
548 2730 702 2761 lssoemia.
737 2730 778 2761 Et
812 2729 874 2761 suit
899 2732 1081 2763 reverendi
1125 2732 1257 2764 domini
1296 2733 1470 2765 Ricardi
1520 2732 1723 2776 primatis

402 2788 589 2820 Ybernie
617 2788 769 2820 doctoris
791 2788 904 2820 eximii
932 2800 1029 2821 sacre
1056 2790 1236 2834 theologie
1252 2802 1357 2834 quem
1385 2791 1533 2834 ipsemet
1559 2790 1722 2822 dominus

402 2846 571 2878 Ricardus
597 2846 798 2889 composuit
824 2854 944 2880 contra
970 2847 1092 2880 fratres
1118 2849 1357 2881 mendicantes
1383 2850 1417 2880 in
1443 2850 1538 2882 curia
1563 2850 1721 2881 Romana

403 2905 443 2936 ml
472 2903 676 2937 instanciam
704 2905 893 2938 Clementis
920 2916 1007 2948 pap:
1035 2907 1090 2938 VI.
