2045 3312
137 269 216 319 504

860 271 1085 305 JOHANNIS
1112 271 1310 304 WYCLIF.
1534 256 1640 314 [CAP.
1662 264 1744 292 xxi.

479 380 584 420 Ideo
631 382 672 420 in
719 379 902 418 diversis
953 377 1182 416 ordinibus
1233 377 1546 429 imprimuntur
1589 375 1898 427 diuersimT'L

423 457 686 500 caracteres,
731 455 770 489 et
809 447 1075 488 concedende
1112 454 1214 487 sunt
1253 447 1449 486 raciones
1498 446 1575 485 lzoc
1607 451 1745 485 osten-

425 522 585 561 dentes.
631 520 698 559 Ad
725 519 920 572 primum
956 519 998 558 in
1032 519 1273 571 oppositum
1308 530 1391 570 quo
1423 517 1484 556 sic
1517 516 1776 569 arguiturtl

425 592 467 630 in
517 595 791 630 sacramento
840 588 1040 642 baptismi
1085 601 1169 627 non
1214 587 1478 640 imprimitur
1515 586 1598 626 nisi
1637 598 1749 625 unus

426 668 649 711 caracter;
699 660 896 700 similiter
949 660 991 699 in
1045 665 1320 698 sacramento
1386 656 1782 711 coifir·nzacionis,5

426 745 530 785 ergo
556 731 662 784 pari
690 731 864 770 racione
897 729 939 769 in
969 735 1244 769 sacramento
1274 728 1455 768 ordinis.
1490 726 1748 776 Dicendum,

427 802 577 856 inquit,
613 800 727 854 quod
760 813 842 840 non
876 806 939 839 est
969 799 1107 839 simile
1135 812 1219 852 pro
1253 812 1300 839 eo
1345 797 1462 851 quod
1502 810 1584 837 non
1627 798 1752 849 ponit

427 873 484 912 ita
537 871 844 919 diversitatem,
883 871 994 909 sicut
1036 870 1163 922 ponit
1213 869 1377 908 ordinis
1430 874 1749 908 sacramentum

428 942 543 995 quod
574 941 625 981 de
657 941 727 981 sui
759 941 934 980 racione
968 940 1161 993 implicat
1183 939 1477 980 diversitatem
1510 938 1748 992 graduum.

428 1011 494 1051 Ad
524 1011 764 1051 secundum
797 1023 881 1064 quo
913 1011 976 1051 sic
1008 1010 1217 1064 arguitur
1239 1016 1560 1049 sacramentum
1585 1008 1792 1048 ordinis2

431 1082 711 1122 essencialius
744 1081 920 1134 respicit
951 1087 1218 1121 caracterem
1252 1093 1379 1134 quam
1415 1079 1594 1133 aliquod
1631 1079 1754 1118 aliud

429 1159 752 1192 sacramentum
799 1152 841 1191 in
887 1164 969 1204 quo
1003 1157 1204 1191 caracter
1243 1151 1529 1203 imprimitur,·
1571 1150 1610 1189 si
1648 1162 1754 1203 ergo

431 1222 538 1262 ordo
573 1235 706 1262 unum
747 1229 807 1262 est
839 1228 1163 1261 sacramentum
1198 1227 1584 1274 quantumcunque
1609 1219 1753 1273 pluri-

418 1292 599 1345 ficetur,
626 1292 794 1332 videtur
815 1292 928 1345 quod
952 1305 1066 1332 unus
1088 1297 1290 1331 caracter
1313 1292 1354 1330 in
1389 1304 1437 1331 eo
1470 1290 1752 1342 imprimitur.

433 1362 674 1402 Dicendum
708 1363 822 1415 quod
852 1376 1002 1402 verum
1036 1369 1111 1411 est,
1144 1361 1220 1401 sed
1260 1361 1432 1401 nonnisi
1463 1366 1597 1413 prout
1644 1373 1755 1399 com-
1777 1363 1813 1395 15

427 1440 619 1485 paratur
661 1433 718 1472 ad
769 1433 952 1473 ulterius
1001 1433 1292 1486 signaculum.
1349 1432 1468 1471 Sicut
1516 1444 1623 1484 ergo
1670 1444 1755 1469 una

435 1503 559 1542 litera
592 1510 654 1542 est
683 1504 842 1556 scripta
873 1510 913 1543 et
934 1503 1015 1543 due
1048 1509 1088 1543 et
1118 1510 1203 1543 tres
1237 1509 1277 1542 et
1309 1509 1529 1555 quattuor,
1554 1507 1592 1539 et
1613 1508 1755 1540 tamen

437 1573 674 1613 multarum
705 1574 930 1613 literarum
961 1574 1236 1627 aggregacio
1258 1572 1314 1612 ad
1338 1586 1468 1612 unam
1492 1572 1755 1611 sentenciam

435 1643 765 1696 exprimendam
813 1657 897 1683 non
944 1651 1007 1683 est
1053 1644 1136 1683 nisi
1181 1656 1267 1682 una
1312 1643 1557 1695 scriptura:
1608 1642 1668 1681 sic
1713 1642 1755 1681 in

429 1714 651 1767 proposito
711 1714 968 1767 intelligitur
1024 1714 1138 1766 quod
1188 1714 1326 1752 omnis
1383 1713 1485 1753 talis
1529 1712 1756 1766 figur-acio
1773 1725 1815 1747 20

437 1784 668 1824 ordinatur
713 1785 772 1824 ad
815 1785 892 1824 hoc
937 1784 1049 1838 quod
1089 1785 1126 1824 ei
1171 1784 1437 1823 inscribatur
1481 1783 1756 1837 signaculum

436 1855 676 1895 secundum
724 1855 836 1909 quod
879 1856 1002 1895 homo
1036 1855 1120 1895 Dei
1165 1855 1361 1895 minister
1397 1854 1622 1908 perfectus
1669 1866 1761 1893 esse

439 1925 671 1975 iudicatur,
691 1933 729 1965 et
753 1939 849 1965 cum
872 1932 1198 1965 sacramentum
1222 1925 1335 1965 dicat
1357 1925 1459 1978 quid
1480 1924 1538 1963 ad
1561 1924 1761 1973 alterum,

439 2002 478 2035 et
531 1996 667 2036 eciam
721 2003 969 2036 caracteres
1023 1995 1235 2038 uniuntur
1281 1994 1517 2034 secundum
1564 1993 1665 2047 quid
1706 1994 1763 2033 ad

441 2067 644 2115 alterum,
677 2067 772 2106 ideo
799 2067 956 2119 plures
989 2073 1232 2106 caracteres
1256 2078 1389 2104 unum
1402 2064 1581 2117 facizmt
1612 2076 1761 2104 sacra·
1779 2065 1818 2097 25

442 2143 645 2176 mentum.
680 2136 832 2176 Tercio
865 2136 920 2175 sic
954 2135 1160 2188 arguitur:
1197 2135 1241 2174 Si
1256 2136 1412 2188 plures
1445 2140 1690 2174 caracteres
1721 2135 1804 2173 inss

441 2206 589 2246 eadem
620 2207 766 2246 anima
791 2207 1112 2259 imprimuntur,
1143 2213 1217 2245 aut
1250 2218 1355 2259 ergo
1389 2204 1597 2258 differunt
1626 2205 1763 2257 specie

441 2278 508 2317 vel
539 2278 677 2317 solum
712 2288 912 2327 numero;
945 2290 1026 2316 non
1066 2276 1251 2316 secundo
1293 2275 1429 2324 modo,
1472 2275 1571 2327 quia
1606 2281 1766 2328 oportet

444 2348 652 2400 recipiens
685 2346 896 2386 denudari
935 2361 959 2386 a
1000 2353 1158 2386 natura
1193 2347 1256 2386 rei
1294 2351 1473 2398 recepte,
1514 2358 1591 2384 nec
1617 2345 1764 2397 primo

444 2419 583 2467 modo,
608 2418 709 2471 quia
733 2432 787 2458 ex
802 2418 982 2458 diversis
997 2417 1447 2470 seczmdunzfin·nzanz
1471 2413 1496 2441 Ψ
1520 2422 1557 2454 et
1578 2416 1762 2467 speciem
1786 2414 1862 2459 198⁰

446 2488 716 2529 manentibus
757 2501 838 2527 non
870 2488 930 2541 fit
963 2501 1094 2527 unum
1139 2488 1219 2527 nisi
1251 2500 1382 2525 unum
1420 2486 1656 2525 materiale.
1702 2486 1767 2525 Aa'

445 2559 552 2599 illud
583 2559 826 2608 dicendum,
868 2558 1018 2612 inquit,
1064 2558 1180 2611 quod
1212 2557 1441 2610 dupliciter
1473 2563 1534 2596 est
1568 2556 1683 2609 loqui
1715 2556 1765 2595 de

499 2686 528 2714 (j.
549 2687 577 2713 Α
599 2686 627 2712 in
651 2693 767 2719 marga
788 2684 974 2720 Responsio.
1119 2684 1157 2711 13.
1176 2692 1217 2717 14.
1239 2682 1278 2710 ss:
1302 2682 1491 2718 purificetur.
1637 2681 1674 2708 15.
1696 2681 1725 2708 A
1740 2680 1769 2707 in

447 2740 562 2767 marg:
592 2731 778 2767 Responsio.
923 2732 964 2759 ιώ,
997 2732 1153 2766 Operatur
1183 2730 1213 2758 in
1243 2730 1335 2757 codd.
1370 2728 1447 2755 Ibid.
1479 2727 1503 2755 si
1531 2735 1604 2762 ergo
1627 2726 1656 2754 in
1679 2727 1770 2754 codd.

447 2788 492 2807 20.
516 2779 651 2807 sciencie
672 2778 821 2813 figuracio
850 2778 879 2805 in
909 2778 1001 2805 codd.
1173 2776 1216 2804 23.
1238 2778 1265 2804 A
1286 2777 1341 2810 A,:
1365 2775 1425 2803 Sed
1448 2774 1572 2810 quidem
1595 2773 1769 2801 secundum

447 2827 520 2862 quid
534 2841 565 2846 -
577 2830 750 2853 caracteres
762 2824 865 2858 dccs13
880 2824 1025 2852 ibidb'ed
1041 2823 1165 2859 quidem
1182 2826 1218 2850 ad
1235 2822 1363 2850 alterum
1381 2821 1409 2849 in
1424 2821 1516 2848 codd.
1600 2828 1646 2855 27.
1664 2821 1690 2847 A
1712 2820 1769 2854 A1:

449 2881 483 2900 ac
504 2880 578 2907 ergo
601 2872 756 2899 differunt.
901 2869 939 2898 31.
962 2870 1001 2897 B:
1023 2878 1118 2897 unum
1135 2870 1181 2897 sit.
1324 2867 1361 2895 31.
1377 2868 1418 2896 32.
1441 2866 1490 2894 Ad
1512 2866 1592 2893 aliud
1621 2865 1650 2893 in
1676 2865 1770 2893 codd.

450 2919 492 2946 32.
518 2920 546 2946 A
570 2919 598 2945 in
621 2926 734 2953 marg:
757 2916 945 2952 Responsio.
