2045 3312
286 262 375 290 CAP.
397 254 512 313 xvu]
788 270 848 302 DE
875 270 1109 302 Ecctesm.

131 381 170 415 Η
195 381 270 423 1840
284 372 413 413 misso
436 373 518 413 isto
541 373 692 427 triplici
715 384 947 427 assumpto,
972 376 1088 428 quod
1111 384 1251 414 tamen
1278 389 1365 414 non
1391 376 1606 427 probatur,

285 456 371 482 non
417 444 564 483 exinde
608 444 796 497 sequitur
841 458 914 497 per
958 445 1101 484 locum
1132 459 1155 484 a
1187 445 1311 484 simili
1344 447 1460 499 quod
1490 446 1606 485 Jesus

284 513 542 566 principium
580 523 688 554 secte
728 523 867 554 nostre
901 514 951 554 sit
984 514 1247 566 christianus,
1281 515 1380 569 quia
1412 515 1454 554 in
1487 515 1607 556 dictis

284 583 504 635 generibus
554 583 632 624 fuit
676 598 812 624 unum
860 584 1118 637 principium
1149 593 1244 624 ante
1277 585 1501 638 predictos,
1535 587 1607 625 sed

250 661 266 694 5
284 666 369 691 non
403 663 541 706 potest
573 668 660 693 esse
692 654 825 693 homo
849 653 962 707 prior
984 654 1184 708 dignitate
1207 655 1322 708 prius
1351 655 1606 709 principians

281 735 413 774 genus
460 732 666 774 nostrum,
714 738 843 777 quam
889 724 966 764 fuit
1011 725 1210 764 dominus
1242 726 1359 765 Jesus
1393 725 1605 777 Christus;

282 806 380 831 nam
425 792 502 833 fuit
545 803 640 834 ante
683 795 810 834 Jacob
844 808 953 834 unus
986 794 1048 834 vir
1080 795 1229 834 clarius
1261 795 1407 834 videns
1454 796 1604 847 Deum,

282 861 358 902 fuit
402 873 496 903 ante
540 864 779 904 Romulum
823 878 933 904 unus
977 864 1111 904 homo
1144 864 1404 918 principium
1443 866 1604 918 generis

281 933 592 983 Romanorum,
641 944 679 973 et
725 934 801 974 fuit
847 944 942 974 ante
975 935 1145 974 Arrium
1193 949 1303 974 unus
1346 935 1604 975 heresiarcha

227 1021 264 1042 10
279 1003 351 1056 qui
384 1003 649 1056 pertinaciter
680 1004 855 1044 asseruit
877 1005 1022 1044 Jesum
1054 1015 1249 1044 nostrum
1284 1005 1409 1045 fuisse
1443 1006 1602 1046 solum-

279 1075 411 1113 modo
449 1085 696 1126 creaturam,
736 1085 782 1114 ut
821 1084 935 1128 patet
968 1076 1017 1115 de
1050 1076 1233 1129 dyabolo
1267 1086 1307 1116 et
1345 1077 1603 1131 principibus

279 1145 560 1186 sacerdotum.
621 1145 701 1185 Sed
762 1144 1091 1186 fundamentum
1144 1147 1256 1187 aliud
1311 1148 1480 1187 ecclesie
1538 1148 1602 1187 vel

277 1215 438 1267 generis
471 1215 681 1254 christiani
717 1229 843 1254 nemo
876 1225 1017 1269 potest
1050 1230 1209 1269 ponere
1242 1227 1378 1270 preter
1410 1217 1451 1257 id
1484 1219 1602 1271 quod

278 1284 468 1336 positum
508 1294 567 1324 est
607 1284 798 1324 Christus
831 1286 960 1325 Jesus.
997 1287 1095 1326 Ideo
1130 1289 1365 1327 secundum
1399 1288 1600 1341 Augusti-

225 1360 260 1392 15
278 1368 381 1393 num
414 1369 540 1408 super
561 1355 809 1405 lohannem,
835 1355 1000 1395 Omelia
1024 1357 1185 1405 ultima,
1211 1371 1292 1397 non
1317 1372 1342 1397 cz
1367 1359 1599 1398 christiano

277 1424 433 1464 dicitur
474 1426 672 1465 Christus
709 1425 783 1464 sed
815 1432 1013 1475 econtra,·
1076 1427 1234 1481 aliquid
1279 1427 1393 1467 enim
1434 1438 1601 1481 oportet

277 1507 434 1534 nomen
469 1495 678 1535 christiani
712 1496 862 1535 addere
896 1510 1020 1549 super
1044 1496 1278 1549 Christum,
1303 1498 1408 1538 sicut
1431 1508 1599 1551 oportet

274 1565 489 1605 residuum
534 1567 687 1606 domus
736 1580 1050 1620 presupponere
1100 1567 1440 1608 fundamentum.
1477 1569 1598 1609 Unde

276 1632 327 1690 (si
373 1649 460 1675 non
506 1635 644 1681 fallor)
692 1650 779 1676 non
827 1636 1004 1676 habetur
1048 1638 1344 1678 testimonium
1384 1653 1406 1678 a
1445 1640 1596 1679 sanctis

218 1720 260 1742 20
275 1705 518 1745 doctoribus
551 1707 666 1759 quod
697 1707 816 1745 Jesus
840 1706 1034 1747 Christus
1058 1707 1190 1748 fuerat
1213 1709 1475 1749 christianus.
1500 1710 1597 1749 Non

275 1775 387 1814 enim
433 1776 620 1829 sequitur
653 1776 731 1816 hoc
765 1790 812 1816 ex
847 1790 972 1817 sensu
1009 1777 1272 1829 Crisostomi‚
1306 1778 1473 1818 Omelia
1507 1780 1596 1818 LII³

276 1845 426 1898 Operis
459 1846 706 1899 Imperfecfi,
731 1847 907 1886 dicentis
930 1849 1045 1900 quod
1069 1862 1123 1888 ex
1154 1850 1232 1888 lzoc
1263 1849 1419 1888 dicitur
1440 1850 1596 1903 aliquis

275 1916 548 1964 christianus,
587 1917 698 1970 quod
735 1924 880 1957 servat
913 1918 1140 1965 iusticiam,
1173 1933 1273 1958 nam
1305 1919 1489 1958 intencio
1521 1933 1596 1958 sua

276 1995 337 2025 est
369 1985 503 2025 dicere
537 1988 653 2039 quod
677 1988 816 2026 solum
839 1988 1077 2027 membrum
1103 1988 1271 2040 Christi,
1296 1989 1380 2028 sive
1411 1989 1594 2029 militans

219 2059 257 2091 25
275 2055 361 2095 sive
393 2056 673 2110 triumphans,
708 2066 768 2096 est
800 2058 966 2111 proprie
1006 2058 1275 2111 christianus3
1320 2059 1437 2098 aliter
1482 2059 1594 2098 enin]

274 2125 427 2166 diceret
470 2128 587 2180 quod
631 2126 790 2167 trinitas
848 2137 887 2167 et
943 2142 1070 2167 omne
1114 2129 1358 2168 membrum
1409 2129 1592 2183 dyaboli,

272 2210 420 2250 ymmo
459 2197 644 2250 quelibet
683 2206 869 2237 creatura
902 2197 1007 2237 foret
1040 2198 1301 2249 christianus,
1336 2213 1434 2239 cum
1466 2213 1593 2238 omne

271 2266 352 2305 tale
405 2267 534 2306 modo
587 2280 664 2306 suo
716 2277 850 2308 servat
893 2268 1113 2308 iusticiam.
1160 2270 1269 2309 Nam
1315 2270 1365 2308 de
1409 2269 1595 2323 qualibet

273 2346 457 2376 creatura
500 2337 660 2377 iustum
703 2346 764 2377 est
806 2339 920 2392 quod
965 2352 1007 2378 se
1046 2339 1195 2379 habeat
1228 2348 1275 2379 ut
1306 2340 1418 2379 Deus
1456 2338 1593 2392 ipsam

216 2408 257 2440 30
273 2407 498 2447 decreverit
543 2421 585 2447 se
632 2407 796 2448 habere.
839 2409 926 2448 Nec
975 2408 1180 2462 sequitur:
1214 2408 1461 2462 Porphirius
1494 2408 1593 2448 dicit

273 2478 386 2531 quod
437 2491 571 2531 genus
625 2478 882 2532 quandoque
935 2478 1118 2518 sumitur
1168 2493 1244 2532 pro
1306 2479 1591 2533 generacionis

323 2647 438 2676 18—20.
454 2649 494 2676 B:
509 2649 599 2677 Unde
612 2651 752 2678 —fuerat
768 2651 862 2678 deest.
936 2659 977 2684 14.
997 2653 1023 2678 A
1037 2652 1066 2678 in
1083 2659 1198 2686 marga
1215 2653 1423 2686 Augustinus.
1498 2659 1536 2680 ει.
1559 2652 1589 2679 Α

269 2695 299 2722 in
317 2703 432 2730 marg.:
457 2696 682 2725 Crisostomus.
792 2697 832 2725 25.
854 2697 883 2724 A
903 2697 932 2724 in
955 2705 1070 2733 marg:
1093 2698 1155 2734 Qui
1176 2704 1221 2726 est
1241 2699 1368 2734 proprie
1388 2698 1587 2726 christianus.

332 2836 381 2869 15.
409 2839 498 2879 Aug.
526 2839 562 2870 In
588 2839 666 2870 Joh.
686 2839 749 2871 Ev.
777 2849 850 2882 cap.
878 2839 964 2871 XXI.
991 2840 1105 2872 Tract.
1129 2841 1283 2874 CXXIV.
1309 2841 1405 2884 Opp.
1430 2848 1514 2873 tom.
1534 2841 1589 2881 111,

269 2907 348 2939 pars
375 2897 413 2937 ΙΙ,
438 2907 516 2940 pag.
544 2896 620 2929 822.
719 2907 771 2930 22.
799 2898 899 2940 Opus
926 2899 1169 2941 Imperfectum
1198 2900 1216 2931 I.
1246 2910 1272 2932 c.
1299 2911 1377 2943 pag.
1406 2900 1588 2933 CCXVIII.

1427 2958 1468 2990 26

1814 272 1892 311 401
