2045 3312
208 838 384 874 Augustine

191 876 315 901 teaclies
346 874 411 901 that

181 909 230 936 the
251 908 376 936 Church
398 908 424 935 is

223 943 305 971 from
325 944 376 971 the

190 978 363 1014 beginning
381 977 416 1005 of

172 1014 222 1041 the
241 1013 342 1041 world
363 1013 423 1041 and

171 1050 235 1077 that
253 1049 274 1076 it
295 1049 429 1077 consists

188 1085 223 1111 of
242 1089 304 1111 two
325 1089 420 1119 parm,

187 1119 336 1155 heavenly
356 1121 415 1148 and

237 1156 363 1191 earthly.

877 299 1103 332 JOHANNIS
1129 299 1327 332 WYCLIF.
1540 286 1647 345 [CAP.
1667 297 1776 326 xvm.

453 418 624 455 novum,
660 419 807 445 verum
842 406 974 445 eciam
1010 419 1064 445 ex
1096 405 1171 445 illa
1203 419 1284 459 que
1315 406 1356 445 in
1392 407 1492 447 celis
1525 420 1695 461 semper
1727 417 1875 462 exxssqn
1900 418 1930 451 Τ

451 489 533 530 quo
577 476 747 516 condita
793 483 854 516 est
900 476 1057 515 cohesit
1101 475 1270 515 domino
1316 490 1392 516 nec
1440 478 1574 516 ullum
1615 478 1777 517 malum

450 547 519 586 sm·
550 559 677 586 casus
711 553 772 587 est
804 554 1002 600 expet-tw,
1032 546 1106 586 hec
1138 547 1315 587 ecclesia
1349 548 1389 586 in
1423 548 1583 587 sanctis
1612 549 1779 602 angelis

451 617 573 656 beata
599 617 795 670 persistit
826 623 865 656 et
894 630 972 656 sue
996 617 1118 670 parti
1141 618 1446 671 peregrinanti
1476 619 1587 657 sicut
1617 625 1781 671 oportet

452 687 702 741 opitulatur,
736 687 835 740 quia
871 693 1052 740 utraque
1085 700 1172 727 una
1202 689 1283 727 erit
1305 689 1538 728 eternitatis
1561 689 1812 730 consorcios

452 764 490 797 et
538 770 652 797 nunc
699 770 784 796 una
824 763 886 796 est
923 757 1091 796 vinculo
1125 758 1329 798 caritatis.
1378 758 1456 797 Iste
1489 767 1658 798 sanctus
1692 759 1778 812 epi-

453 841 608 880 scopus
632 826 819 867 condidit
845 826 1014 866 ecclesie
1037 827 1224 867 libellum
1242 842 1368 881 quem
1392 828 1557 868 vocavit
1571 830 1820 873 Manualea

452 899 503 937 ad
527 897 657 937 finem
681 898 798 951 quod
820 896 962 936 fideles
986 906 1095 937 recte
1127 897 1363 952 intelligant
1395 897 1523 938 fidem
1548 913 1683 950 suam,
1709 900 1778 939 ubi

454 968 597 1022 quoad
634 967 823 1020 primum
855 967 1079 1007 articulum
1123 977 1242 1008 notat
1281 970 1504 1022 quomodo
1537 969 1779 1009 immediate

454 1047 551 1092 post
569 1037 828 1078 eternitatem
844 1037 1036 1077 trinitatis
1051 1037 1245 1089 increate,
1258 1039 1337 1078 hoc
1354 1049 1428 1091 est,
1444 1040 1485 1078 in
1502 1040 1650 1079 mundi
1666 1040 1777 1093 prin-
1798 1061 1836 1082 10

456 1108 566 1162 cipio
589 1117 731 1148 secuta
746 1116 807 1148 est
829 1116 971 1148 sancta
986 1117 1118 1148 mater
1133 1109 1306 1148 ecclesia
1320 1109 1362 1148 in
1386 1123 1467 1163 qua
1484 1110 1534 1150 sit
1552 1110 1779 1151 trinitatis²³³
1800 1119 1876 1165 139''

453 1178 661 1218 habitacio
691 1187 730 1218 et
758 1191 947 1232 expresse
978 1179 1082 1218 duas
1122 1188 1259 1232 partes
1293 1179 1404 1219 illius
1434 1180 1573 1220 totalis
1610 1180 1818 1224 ecclesieb

455 1248 611 1289 scilicet
635 1249 832 1289 celestem
847 1258 885 1289 et
899 1257 1108 1289 terrenam
1123 1259 1444 1290 commemorat.
1465 1251 1600 1302 Unde,
1617 1260 1662 1291 ut
1685 1265 1779 1304 spes

452 1328 597 1359 nostra
628 1319 671 1358 in
702 1320 780 1359 ista
811 1318 893 1360 fide
924 1319 1128 1359 catholica
1168 1319 1454 1371 confirmetur,
1490 1321 1707 1361 ordinatur
1738 1321 1779 1360 in

451 1403 616 1445 ympno
646 1389 817 1430 ecclesie
845 1391 962 1444 quod
993 1399 1222 1444 postquam
1244 1391 1360 1430 nulla
1382 1400 1523 1431 nostra
1546 1391 1587 1431 in
1612 1391 1779 1432 Christo
1799 1402 1836 1434 15

453 1460 612 1514 accepit
636 1460 818 1501 cesivam
840 1460 882 1500 in
906 1461 1011 1512 celo,
1039 1470 1078 1500 et
1106 1462 1278 1513 angelus
1303 1475 1531 1502 conservus
1553 1462 1781 1503 hominum

452 1530 670 1585 prohibuit
692 1545 734 1571 se
757 1531 919 1571 adorari
949 1546 972 1571 a
993 1532 1197 1583 Johanne,
1222 1532 1504 1586 Apocalypsis
1528 1533 1779 1586 penultimO,

453 1611 500 1642 ut
533 1602 589 1642 sic
622 1610 794 1642 caveant
826 1601 969 1642 fideles
1002 1602 1311 1656 peregrinantes
1346 1616 1369 1642 a
1401 1603 1598 1643 domino:

809 1672 1066 1725 Triumplzat
1098 1672 1171 1712 ille
1202 1673 1427 1725 splendide

800 1742 853 1782 Et
887 1743 1046 1797 dignus
1077 1743 1362 1795 amplitudine
1795 1763 1837 1785 20

804 1812 893 1852 Soli
917 1813 1095 1866 polique
1118 1814 1311 1866 patriam

809 1883 949 1923 Unam
972 1882 1091 1937 facit
1122 1883 1446 1936 rempublicam,

454 1953 571 2008 quasi
596 1953 768 1994 diceret:
803 1953 945 2007 Caput
974 1953 1145 1994 ecclesie
1169 1953 1378 2006 Christus,
1407 1955 1522 1994 Deus
1554 1964 1697 1995 noster
1719 1965 1779 1995 est

454 2024 606 2078 dignus
646 2038 694 2064 ex
731 2024 883 2064 merito
916 2024 1124 2078 passionis
1157 2038 1230 2064 sue
1264 2025 1415 2064 habere
1447 2025 1658 2065 civitatem
1692 2034 1779 2066 tam

453 2095 655 2148 amplam,
709 2108 790 2148 que
837 2094 889 2134 sit
932 2094 1074 2134 totalis
1119 2094 1292 2134 ecclesia
1337 2093 1443 2134 facta
1502 2108 1549 2134 ex
1607 2096 1833 2136 ecclesia25

453 2164 663 2204 militante
695 2164 737 2203 in
771 2164 864 2204 solo
899 2173 938 2205 et
970 2164 1262 2218 triumphante
1294 2165 1337 2204 in
1370 2165 1485 2218 polo.

513 2234 722 2284 Quamvis
768 2234 881 2274 enim
920 2248 996 2288 pro
1030 2234 1199 2275 instanti
1240 2249 1326 2288 quo
1360 2234 1492 2275 factus
1525 2245 1585 2275 est
1617 2236 1827 2289 primusV

454 2306 587 2346 homo
621 2304 699 2345 fuit
732 2305 801 2345 illa
834 2305 1005 2345 ecclesia
1039 2304 1280 2356 constituta,
1314 2314 1454 2345 tamen
1490 2319 1603 2345 novo
1646 2307 1776 2345 modo

454 2386 552 2430 post
582 2375 875 2416 ascensionem
908 2375 986 2416 fuit
1017 2389 1112 2429 pars
1145 2375 1233 2415 eius
1266 2375 1437 2415 inferior
1469 2389 1593 2429 super
1615 2385 1775 2428 partem

455 2446 542 2486 eius
582 2445 843 2499 superiorem
874 2446 917 2485 in
950 2446 1169 2486 celestibus
1195 2445 1411 2485 collocata.
1446 2446 1611 2486 Partem
1634 2455 1777 2486 autem
1794 2458 1834 2491 30

454 2517 542 2556 eius
590 2515 831 2555 inferiorem
883 2515 1071 2569 intelligo
1119 2524 1253 2555 totam
1302 2525 1494 2556 naturam
1544 2516 1777 2556 humanam

456 2600 537 2641 que
571 2586 806 2626 secundum
840 2595 1003 2639 partem
1025 2600 1147 2626 suam
1170 2599 1251 2639 que
1275 2595 1334 2626 est
1357 2585 1513 2626 Christi
1536 2586 1776 2627 humanitas

510 2723 586 2757 4.1n
601 2722 710 2751 codd.:
731 2722 872 2758 perstitit.
982 2722 1018 2751 ι5.
1039 2722 1143 2758 nulla3
1163 2728 1260 2751 recte:
1282 2727 1393 2751 natura
1501 2722 1603 2759 27.A:
1617 2722 1717 2751 factus
1730 2728 1774 2752 est

454 2769 566 2798 factus.

522 2888 570 2921 ¹9·
590 2878 619 2909 A
640 2887 740 2909 verse
758 2877 848 2909 from
870 2876 927 2909 the
947 2878 1055 2919 hymn
1077 2877 1238 2910 “Chorus
1264 2888 1376 2910 novae
1397 2878 1637 2910 Hierusalem'⁷
1657 2878 1690 2909 in
1717 2877 1774 2910 the

458 2937 580 2969 Sarum
616 2935 789 2978 Breviaw,
823 2943 856 2968 at
884 2936 1033 2980 Vespers
1065 2946 1111 2968 on
1139 2936 1280 2980 Sunday
1307 2936 1393 2968 after
1418 2936 1540 2968 Easter
1566 2936 1772 2981 (Matthew).
