2045 3312
115 254 198 308 47ἐξ
843 262 1068 294 ,ιΟΗΛΝΝῐε
1095 263 1290 295 WYCIJF.
1535 249 1641 307 [CAP.
1670 260 1734 288 xx.

406 369 610 422 quidquid
631 382 762 409 carne
788 382 1035 422 operamur,
1059 375 1120 408 est
1152 382 1176 407 α
1201 367 1353 407 dextra
1377 368 1596 408 sensibile:
1617 368 1735 421 quid-
1758 390 1817 422 μμ
1855 379 1887 412 Ε

406 439 507 492 quid
528 439 698 492 spiritu,
715 440 756 478 in
775 446 950 479 secreto.
968 438 1150 491 Oportet
1165 451 1265 491 ergo
1289 438 1395 478 hanc
1413 437 1615 478 feminam
1639 452 1735 477 cum

407 523 480 549 sua
505 508 662 548 familia
689 509 807 549 indui
834 509 913 548 hoc
945 508 1164 562 geminum
1195 508 1512 549 vestimentum.
1552 508 1737 562 0perari

132 588 306 639 ¹³0¹.¹¹,‚¹²¹W?
327 595 374 614 rc·
406 586 548 619 autem
565 593 695 619 carne
710 587 748 619 et
763 593 844 619 non
860 580 1015 632 spiritu
1030 580 1223 633 quamvis
1239 580 1394 619 bonum
1410 579 1618 629 videatur,
1637 580 1736 618 utile

144 623 360 685 quuvcanokpeser-
407 656 549 689 tamen
575 664 657 689 non
682 657 755 691 est.
786 650 976 703 Operari
1000 664 1100 690 vero
1124 651 1276 703 spiritu
1301 656 1339 690 et
1363 663 1444 689 non
1482 662 1614 689 carne
1634 650 1769 703 pig-5

408 734 556 760 rorum
582 728 669 769 est‚·
692 734 790 760 nam
816 720 923 759 dans
949 721 1223 760 elemosinam
1252 734 1337 773 pro
1368 720 1496 760 laude
1517 721 1734 759 hominum

408 791 566 831 nudam
591 797 747 830 vestem
778 790 943 829 videtur
965 790 1102 839 indui,
1125 791 1235 830 sicut
1257 790 1398 830 dicens
1428 791 1508 830 sibi
1538 789 1737 844 szffficere

407 862 447 900 in
481 861 746 901 consciencia
784 874 865 900 sua
896 861 1037 900 Deum
1078 862 1230 909 colere,
1270 874 1345 901 nec
1376 861 1488 914 quod
1527 860 1648 901 debet
1682 859 1738 899 acl

409 932 629 971 eeclesiam
664 932 726 970 ire
755 932 820 970 vel
842 932 993 971 ceteris
1017 932 1265 972 christianis
1287 932 1451 971 actibus
1467 930 1736 971 sensibilibus

408 1002 653 1042 immisceri.
706 1002 834 1049 Talis,
876 1001 1014 1055 inquit
1054 1002 1334 1056 Augustinus,
1377 1002 1535 1042 nudam
1581 1008 1797 1042 vestemio

408 1073 563 1111 lineam
584 1073 672 1111 vult
692 1072 860 1112 habere.
877 1073 974 1112 Non
991 1072 1048 1111 sic
1064 1073 1187 1112 docet
1202 1072 1277 1112 hec
1293 1072 1457 1124 mulier,
1473 1073 1544 1112 sed
1561 1071 1740 1111 instituit

408 1142 535 1182 simul
566 1143 800 1182 secundum
831 1143 993 1195 praxim
1025 1152 1064 1183 et
1094 1143 1325 1183 theoricam
1354 1142 1529 1196 operari,
1559 1156 1658 1182 nam
1687 1142 1737 1180 ad

409 1213 489 1252 hoc
505 1213 700 1266 colligere
724 1213 927 1253 debemus
951 1213 1029 1253 hos
1051 1213 1230 1266 habitus,
1255 1223 1300 1253 ut
1330 1213 1506 1253 consilio
1531 1226 1737 1252 manuum

407 1284 644 1335 operemur.
656 1284 798 1324 Virtus
816 1284 930 1324 enim
946 1285 1180 1324 secundum
1195 1284 1477 1338 philosophos
1493 1292 1554 1322 est
1568 1291 1738 1336 propter

408 1367 550 1406 opera,
585 1362 623 1393 et
656 1353 752 1393 hinc
786 1354 960 1394 felicitas
994 1354 1186 1395 consistit
1220 1355 1261 1394 in
1295 1363 1389 1394 actu
1422 1354 1487 1393 vel
1520 1366 1660 1406 opere,
1700 1360 1738 1391 et
1760 1361 1794 1394 15

408 1424 558 1463 melior
597 1433 657 1464 est
694 1425 859 1466 virtute.
900 1425 1089 1465 Omnem
1129 1434 1272 1465 autem
1304 1425 1504 1465 virtutem
1533 1423 1737 1463 moralem

409 1502 578 1548 oportet
607 1496 880 1548 prudenciam
919 1495 1109 1550 regulari,
1146 1505 1184 1536 et
1216 1496 1312 1536 ideo
1346 1496 1559 1549 signanter
1590 1492 1740 1532 dicitur

410 1565 525 1617 quod
551 1565 624 1604 hec
655 1575 788 1605 mater
819 1573 998 1620 operata
1023 1573 1086 1606 est
1106 1567 1284 1606 consilio
1309 1579 1515 1605 manuum
1539 1576 1737 1604 suarum.

169 1652 266 1680 verse
287 1662 328 1687 ¹4-
471 1635 593 1675 Unde
627 1635 678 1674 ad
705 1636 997 1675 denotandum
1020 1635 1262 1675 varietatem
1287 1635 1591 1688 operacionum
1614 1633 1739 1673 huius
1755 1643 1780 1675 3
1805 1641 1837 1674 F

127 1690 385 1763 Tffiecfflfffffffi
412 1714 604 1744 matrone
638 1705 856 1759 subiungit
889 1705 1038 1745 tercio:
1089 1705 1222 1745 Facta
1263 1712 1325 1745 est
1364 1706 1490 1758 quasi
1523 1704 1642 1744 navis
1677 1704 1737 1742 in-
1756 1722 1797 1743 20

411 1776 574 1815 stiloris
619 1775 668 1814 de
708 1777 835 1830 longe
867 1783 1053 1829 portans
1086 1789 1245 1829 panem
1285 1789 1426 1816 suum.
1482 1776 1646 1815 Notum
1678 1782 1738 1812 est

412 1859 458 1884 ex
498 1845 771 1886 tractantibus
813 1847 863 1885 de
896 1846 1020 1886 archa
1053 1847 1145 1886 Noe
1180 1856 1218 1887 et
1252 1846 1444 1886 navicula
1476 1844 1583 1884 Petri
1631 1857 1737 1897 quo—

412 1917 543 1955 modo
578 1916 750 1956 ecclesia
783 1916 991 1957 similatur
1022 1917 1117 1956 navi
1140 1917 1183 1956 in
1211 1931 1294 1971 qua
1326 1916 1473 1956 divicie
1507 1924 1545 1955 et
1579 1914 1740 1953 diversa

415 1986 691 2025 mercimonia
725 1995 1005 2040 congerunter
1036 1987 1247 2041 habetque
1287 1987 1394 2026 intra
1429 2000 1471 2026 se
1508 1992 1740 2025 mercantes

412 2065 498 2095 tam
539 2057 778 2097 venditores
826 2071 956 2111 quam
1002 2057 1132 2096 eciam
1181 2056 1406 2108 institores,
1452 2064 1491 2095 et
1530 2068 1629 2094 cum
1668 2066 1742 2107 per
1758 2065 1796 2096 25

412 2135 546 2165 totam
587 2126 861 2166 habitabilem
899 2136 1088 2167 nostram
1121 2127 1269 2167 saltem
1302 2125 1554 2180 potestative
1587 2123 1739 2164 diffun-

411 2196 536 2248 ditur,
569 2211 719 2250 ymmo
752 2211 825 2250 per
857 2197 1155 2251 purgatorium
1179 2206 1304 2251 atque
1328 2197 1452 2248 celos,
1485 2204 1600 2250 patet
1623 2194 1741 2248 quod

412 2267 461 2306 de
500 2267 626 2320 longe
666 2276 806 2320 portat
844 2281 999 2321 panem
1044 2281 1129 2322 quo
1176 2267 1372 2321 pascitur.
1426 2266 1553 2306 Navis
1598 2274 1739 2305 autem

413 2338 571 2376 nedum
604 2337 644 2376 in
678 2336 813 2390 figura
845 2338 978 2377 tendit
1010 2338 1062 2377 ad
1095 2336 1417 2376 similitudinem
1454 2345 1645 2375 matrone
1668 2334 1741 2373 sed

414 2407 526 2459 ligna
567 2407 748 2461 levigata
788 2409 838 2447 ad
872 2407 1162 2447 imitacionem
1196 2407 1297 2461 ligni
1333 2405 1465 2446 crucis
1499 2403 1741 2458 composita
1757 2416 1799 2448 30

413 2477 599 2518 evehunt
640 2477 909 2530 navigantem
941 2477 984 2516 in
1018 2477 1173 2529 seculo,
1215 2490 1266 2515 ne
1299 2475 1494 2529 procellis
1527 2475 1740 2514 undarum

465 2623 483 2642 ι.
508 2614 542 2641 [32
576 2622 667 2642 carne
688 2615 782 2642 deest.
805 2615 886 2642 ibid:
913 2614 950 2641 ad
972 2619 1069 2642 extra.
1213 2622 1242 2647 4.
1264 2614 1347 2646 Aug.
1372 2614 1389 2640 l.
1413 2620 1438 2639 c.
1460 2611 1497 2640 Et
1519 2611 1683 2647 sequencia
1706 2617 1742 2637 ex

414 2662 466 2689 illo
487 2666 570 2688 texto
592 2660 732 2694 (mutatis
748 2661 865 2696 aliquot
892 2660 1007 2695 verbis)
1030 2661 1214 2696 deprompta
1235 2665 1318 2687 sunt.
1403 2658 1443 2687 16.
1468 2666 1505 2693 17.
1529 2658 1567 2686 13:
1590 2657 1741 2685 moralem

413 2714 440 2736 et
461 2708 637 2743 potenciam
658 2707 874 2743 oportetenim
888 2707 1006 2735 etideo.
1115 2707 1160 2735 26.
1177 2706 1214 2734 B:
1229 2706 1408 2734 habitatem.
1519 2703 1558 2732 31.
1580 2704 1610 2732 in
1631 2703 1741 2732 codd.:

412 2759 535 2782 eveunt.

477 2862 502 2882 1.
530 2852 618 2893 Aug.
649 2850 828 2894 Quidquid
858 2860 960 2883 carne
987 2860 1188 2894 operamur,
1215 2850 1249 2882 in
1277 2855 1443 2893 promptu
1470 2855 1540 2881 est:
1567 2847 1741 2891 quidquid

411 2909 547 2953 spiritu,
578 2910 609 2941 in
639 2916 785 2942 secreto.
