<?xml version="1.0" encoding="UTF-8"?>
<!DOCTYPE html PUBLIC "-//W3C//DTD XHTML 1.0 Transitional//EN"
    "http://www.w3.org/TR/xhtml1/DTD/xhtml1-transitional.dtd">
<html xmlns="http://www.w3.org/1999/xhtml" xml:lang="en" lang="en">
 <head>
  <title>
</title>
<meta http-equiv="Content-Type" content="text/html;charset=utf-8" />
  <meta name='ocr-system' content='tesseract 3.04.00' />
  <meta name='ocr-capabilities' content='ocr_page ocr_carea ocr_par ocr_line ocrx_word'/>
</head>
<body>
  <div class='ocr_page' id='page_1' title='image "./iohanniswycliftr04wycl_0169.png"; bbox 0 0 2045 3312; ppageno 0'>
   <div class='ocr_carea' id='block_1_1' title="bbox 304 253 1884 312">
    <p class='ocr_par' dir='ltr' id='par_1_1' title="bbox 304 253 1884 312">
     <span class='ocr_line' id='line_1_1' title="bbox 304 253 1884 312; baseline 0.011 -22"><span class='ocrx_word' id='word_1_1' title='bbox 304 261 392 293; x_wconf 64' lang='grc' dir='ltr'>(Ἀρ.</span> <span class='ocrx_word' id='word_1_2' title='bbox 410 253 478 312; x_wconf 71' lang='lat' dir='ltr'><strong>vr]</strong></span> <span class='ocrx_word' id='word_1_3' title='bbox 810 270 867 301; x_wconf 80' lang='lat' dir='ltr'><strong>DE</strong></span> <span class='ocrx_word' id='word_1_4' title='bbox 895 270 1130 302; x_wconf 68' lang='lat' dir='ltr'><strong>ECCLESIA.</strong></span> <span class='ocrx_word' id='word_1_5' title='bbox 1814 259 1884 298; x_wconf 83' lang='lat'><strong>131</strong></span> 
     </span>
    </p>
   </div>
   <div class='ocr_carea' id='block_1_2' title="bbox 135 375 1872 996">
    <p class='ocr_par' dir='ltr' id='par_1_2' title="bbox 135 375 1608 430">
     <span class='ocr_line' id='line_1_2' title="bbox 135 375 1608 430; baseline 0.002 -15"><span class='ocrx_word' id='word_1_6' title='bbox 135 381 172 415; x_wconf 87' lang='lat' dir='ltr'>N</span> <span class='ocrx_word' id='word_1_7' title='bbox 198 379 273 425; x_wconf 81' lang='lat' dir='ltr'><strong>146c</strong></span> <span class='ocrx_word' id='word_1_8' title='bbox 290 375 363 427; x_wconf 84' lang='lat' dir='ltr'><strong>qui</strong></span> <span class='ocrx_word' id='word_1_9' title='bbox 395 380 598 414; x_wconf 83' lang='lat' dir='ltr'><strong><em>exercent</em></strong></span> <span class='ocrx_word' id='word_1_10' title='bbox 627 387 760 427; x_wconf 79' lang='lat' dir='ltr'><strong>opera</strong></span> <span class='ocrx_word' id='word_1_11' title='bbox 795 387 957 416; x_wconf 82' lang='lat' dir='ltr'><strong>eorum.</strong></span> <span class='ocrx_word' id='word_1_12' title='bbox 992 376 1046 414; x_wconf 89' lang='lat' dir='ltr'><strong>Et</strong></span> <span class='ocrx_word' id='word_1_13' title='bbox 1069 375 1145 415; x_wconf 89' lang='lat' dir='ltr'><strong>ista</strong></span> <span class='ocrx_word' id='word_1_14' title='bbox 1167 375 1322 430; x_wconf 81' lang='lat' dir='ltr'><strong>tyriaca</strong></span> <span class='ocrx_word' id='word_1_15' title='bbox 1356 376 1608 418; x_wconf 84' lang='lat' dir='ltr'>obtunderet</span> 
     </span>
    </p>

    <p class='ocr_par' dir='ltr' id='par_1_3' title="bbox 289 443 1606 502">
     <span class='ocr_line' id='line_1_3' title="bbox 289 443 1606 502; baseline 0.003 -18"><span class='ocrx_word' id='word_1_16' title='bbox 289 444 519 486; x_wconf 85' lang='lat' dir='ltr'>cauterium</span> <span class='ocrx_word' id='word_1_17' title='bbox 579 443 873 498; x_wconf 90' lang='lat' dir='ltr'><strong>rubiginosum</strong></span> <span class='ocrx_word' id='word_1_18' title='bbox 937 445 1092 486; x_wconf 90' lang='lat' dir='ltr'><strong>diaboli</strong></span> <span class='ocrx_word' id='word_1_19' title='bbox 1151 447 1268 501; x_wconf 87' lang='lat' dir='ltr'><strong>quod</strong></span> <span class='ocrx_word' id='word_1_20' title='bbox 1332 460 1420 488; x_wconf 91' lang='lat' dir='ltr'><strong>non</strong></span> <span class='ocrx_word' id='word_1_21' title='bbox 1471 448 1606 502; x_wconf 81' lang='lat' dir='ltr'>gracia</span> 
     </span>
    </p>

    <p class='ocr_par' dir='ltr' id='par_1_4' title="bbox 289 514 1606 571">
     <span class='ocr_line' id='line_1_4' title="bbox 289 514 1606 571; baseline 0.004 -18"><span class='ocrx_word' id='word_1_22' title='bbox 289 514 523 555; x_wconf 90' lang='lat' dir='ltr'><strong>sanacionis</strong></span> <span class='ocrx_word' id='word_1_23' title='bbox 556 515 627 555; x_wconf 91' lang='lat' dir='ltr'><strong>sed</strong></span> <span class='ocrx_word' id='word_1_24' title='bbox 660 515 797 569; x_wconf 86' lang='lat' dir='ltr'>gracia</span> <span class='ocrx_word' id='word_1_25' title='bbox 830 516 1100 569; x_wconf 90' lang='lat' dir='ltr'><strong>spoliacionis</strong></span> <span class='ocrx_word' id='word_1_26' title='bbox 1139 517 1370 571; x_wconf 88' lang='lat' dir='ltr'><strong>apponitur</strong></span> <span class='ocrx_word' id='word_1_27' title='bbox 1407 519 1606 559; x_wconf 81' lang='lat' dir='ltr'><strong>membris</strong></span> 
     </span>
    </p>

    <p class='ocr_par' dir='ltr' id='par_1_5' title="bbox 289 583 1607 644">
     <span class='ocr_line' id='line_1_5' title="bbox 289 583 1607 644; baseline 0.004 -20"><span class='ocrx_word' id='word_1_28' title='bbox 289 583 456 625; x_wconf 81' lang='lat' dir='ltr'><strong>Christi.</strong></span> <span class='ocrx_word' id='word_1_29' title='bbox 512 584 772 626; x_wconf 84' lang='lat' dir='ltr'><strong>Conceditur</strong></span> <span class='ocrx_word' id='word_1_30' title='bbox 824 600 921 640; x_wconf 86' lang='lat' dir='ltr'><strong>ergo</strong></span> <span class='ocrx_word' id='word_1_31' title='bbox 987 587 1105 642; x_wconf 89' lang='lat' dir='ltr'><strong>quod</strong></span> <span class='ocrx_word' id='word_1_32' title='bbox 1149 596 1236 628; x_wconf 88' lang='lat' dir='ltr'><strong>tam</strong></span> <span class='ocrx_word' id='word_1_33' title='bbox 1280 587 1420 628; x_wconf 94' lang='lat' dir='ltr'><strong>honor</strong></span> <span class='ocrx_word' id='word_1_34' title='bbox 1477 603 1607 644; x_wconf 86' lang='lat' dir='ltr'><strong>quam</strong></span> 
     </span>
    </p>

    <p class='ocr_par' dir='ltr' id='par_1_6' title="bbox 253 655 1606 712">
     <span class='ocr_line' id='line_1_6' title="bbox 253 655 1606 712; baseline 0.003 -16"><span class='ocrx_word' id='word_1_35' title='bbox 253 655 547 708; x_wconf 76' lang='lat' dir='ltr'><strong>Sstipendium</strong></span> <span class='ocrx_word' id='word_1_36' title='bbox 581 666 679 697; x_wconf 91' lang='lat' dir='ltr'><strong>sunt</strong></span> <span class='ocrx_word' id='word_1_37' title='bbox 710 657 996 711; x_wconf 84' lang='lat' dir='ltr'><strong>impendenda</strong></span> <span class='ocrx_word' id='word_1_38' title='bbox 1021 657 1176 699; x_wconf 89' lang='lat' dir='ltr'><strong>Christi</strong></span> <span class='ocrx_word' id='word_1_39' title='bbox 1210 659 1510 712; x_wconf 88' lang='lat' dir='ltr'><strong>sacerdotibus,</strong></span> <span class='ocrx_word' id='word_1_40' title='bbox 1535 661 1606 700; x_wconf 90' lang='lat' dir='ltr'><strong>sed</strong></span> 
     </span>
    </p>

    <p class='ocr_par' dir='ltr' id='par_1_7' title="bbox 194 728 1605 782">
     <span class='ocr_line' id='line_1_7' title="bbox 194 728 1605 782; baseline 0.004 -17"><span class='ocrx_word' id='word_1_41' title='bbox 194 731 272 775; x_wconf 71' lang='lat' dir='ltr'><strong>146d</strong></span> <span class='ocrx_word' id='word_1_42' title='bbox 287 735 454 779; x_wconf 87' lang='lat' dir='ltr'><strong>oportet</strong></span> <span class='ocrx_word' id='word_1_43' title='bbox 486 740 557 766; x_wconf 92' lang='lat' dir='ltr'><strong>eos</strong></span> <span class='ocrx_word' id='word_1_44' title='bbox 583 741 630 767; x_wconf 85' lang='lat' dir='ltr'><strong>ex</strong></span> <span class='ocrx_word' id='word_1_45' title='bbox 663 728 861 782; x_wconf 84' lang='lat' dir='ltr'><strong>operibus</strong></span> <span class='ocrx_word' id='word_1_46' title='bbox 895 729 991 769; x_wconf 91' lang='lat' dir='ltr'><strong>dare</strong></span> <span class='ocrx_word' id='word_1_47' title='bbox 1013 728 1038 756; x_wconf 61' lang='lat'><strong>²³²</strong></span> <span class='ocrx_word' id='word_1_48' title='bbox 1059 729 1324 782; x_wconf 85' lang='lat' dir='ltr'><strong>probabilem</strong></span> <span class='ocrx_word' id='word_1_49' title='bbox 1347 730 1605 771; x_wconf 88' lang='lat' dir='ltr'><strong>evidenciam</strong></span> 
     </span>
    </p>

    <p class='ocr_par' dir='ltr' id='par_1_8' title="bbox 286 797 1607 849">
     <span class='ocr_line' id='line_1_8' title="bbox 286 797 1607 849; baseline 0.004 -12"><span class='ocrx_word' id='word_1_50' title='bbox 286 797 402 849; x_wconf 90' lang='lat' dir='ltr'><strong>quod</strong></span> <span class='ocrx_word' id='word_1_51' title='bbox 436 807 534 838; x_wconf 89' lang='lat' dir='ltr'><strong>sunt</strong></span> <span class='ocrx_word' id='word_1_52' title='bbox 564 798 680 847; x_wconf 88' lang='lat' dir='ltr'><strong>tales,</strong></span> <span class='ocrx_word' id='word_1_53' title='bbox 715 812 810 839; x_wconf 88' lang='lat' dir='ltr'><strong>curn</strong></span> <span class='ocrx_word' id='word_1_54' title='bbox 836 812 964 840; x_wconf 87' lang='lat' dir='ltr'><strong>nemo</strong></span> <span class='ocrx_word' id='word_1_55' title='bbox 990 809 1135 840; x_wconf 87' lang='lat' dir='ltr'><strong>contra</strong></span> <span class='ocrx_word' id='word_1_56' title='bbox 1159 801 1467 841; x_wconf 78' lang='lat' dir='ltr'><strong>conscienciam</strong></span> <span class='ocrx_word' id='word_1_57' title='bbox 1491 802 1607 842; x_wconf 92' lang='lat' dir='ltr'><strong>daret</strong></span> 
     </span>
    </p>

    <p class='ocr_par' dir='ltr' id='par_1_9' title="bbox 285 866 1872 996">
     <span class='ocr_line' id='line_1_9' title="bbox 285 866 1607 926; baseline 0.005 -20"><span class='ocrx_word' id='word_1_58' title='bbox 285 866 397 906; x_wconf 93' lang='lat' dir='ltr'><strong>bona</strong></span> <span class='ocrx_word' id='word_1_59' title='bbox 449 876 589 908; x_wconf 90' lang='lat' dir='ltr'><strong>sancte</strong></span> <span class='ocrx_word' id='word_1_60' title='bbox 641 869 784 909; x_wconf 89' lang='lat' dir='ltr'><strong>matris</strong></span> <span class='ocrx_word' id='word_1_61' title='bbox 837 870 1007 910; x_wconf 88' lang='lat' dir='ltr'><strong>ecclesie</strong></span> <span class='ocrx_word' id='word_1_62' title='bbox 1040 871 1242 912; x_wconf 87' lang='lat' dir='ltr'><strong>membris</strong></span> <span class='ocrx_word' id='word_1_63' title='bbox 1281 871 1457 926; x_wconf 81' lang='lat' dir='ltr'><strong>diaboli3</strong></span> <span class='ocrx_word' id='word_1_64' title='bbox 1507 886 1607 912; x_wconf 81' lang='lat' dir='ltr'><strong>nam</strong></span> 
     </span>
     <span class='ocr_line' id='line_1_10' title="bbox 285 937 1872 996; baseline 0.004 -20"><span class='ocrx_word' id='word_1_65' title='bbox 285 937 519 978; x_wconf 86' lang='lat' dir='ltr'><strong>secundum</strong></span> <span class='ocrx_word' id='word_1_66' title='bbox 562 939 673 992; x_wconf 89' lang='lat' dir='ltr'><strong>leges</strong></span> <span class='ocrx_word' id='word_1_67' title='bbox 714 939 921 980; x_wconf 87' lang='lat' dir='ltr'><strong>humanas</strong></span> <span class='ocrx_word' id='word_1_68' title='bbox 954 940 1027 995; x_wconf 86' lang='lat' dir='ltr'><strong>qui</strong></span> <span class='ocrx_word' id='word_1_69' title='bbox 1060 942 1130 982; x_wconf 90' lang='lat' dir='ltr'><strong>dat</strong></span> <span class='ocrx_word' id='word_1_70' title='bbox 1172 942 1604 996; x_wconf 87' lang='lat' dir='ltr'><strong>pseudoprocuratori</strong></span> <span class='ocrx_word' id='word_1_71' title='bbox 1644 945 1705 973; x_wconf 76' lang='lat' dir='ltr'><strong>We</strong></span> <span class='ocrx_word' id='word_1_72' title='bbox 1726 947 1822 982; x_wconf 76' lang='lat' dir='ltr'><strong>ought</strong></span> <span class='ocrx_word' id='word_1_73' title='bbox 1841 951 1872 974; x_wconf 79' lang='lat'><strong>10</strong></span> 
     </span>
    </p>
   </div>
   <div class='ocr_carea' id='block_1_3' title="bbox 230 981 1897 1068">
    <p class='ocr_par' dir='ltr' id='par_1_10' title="bbox 230 981 1897 1068">
     <span class='ocr_line' id='line_1_11' title="bbox 1638 981 1897 1009; baseline 0.004 -1"><span class='ocrx_word' id='word_1_74' title='bbox 1638 990 1671 1008; x_wconf 53' lang='lat' dir='ltr'><strong>ev</strong></span> <span class='ocrx_word' id='word_1_75' title='bbox 1691 981 1721 1008; x_wconf 88' lang='lat' dir='ltr'><strong>th</strong></span> <span class='ocrx_word' id='word_1_76' title='bbox 1747 987 1817 1009; x_wconf 87' lang='lat' dir='ltr'><strong>twe</strong></span> <span class='ocrx_word' id='word_1_77' title='bbox 1846 990 1897 1009; x_wconf 60' lang='grc' dir='ltr'><strong>η’</strong></span> 
     </span>
     <span class='ocr_line' id='line_1_12' title="bbox 230 990 1891 1068; baseline 0.005 -22"><span class='ocrx_word' id='word_1_78' title='bbox 230 1024 269 1046; x_wconf 89' lang='lat'><strong>10</strong></span> <span class='ocrx_word' id='word_1_79' title='bbox 285 1007 474 1048; x_wconf 88' lang='lat' dir='ltr'><strong>debitum</strong></span> <span class='ocrx_word' id='word_1_80' title='bbox 507 1009 734 1063; x_wconf 79' lang='lat' dir='ltr'><strong>creditoris,</strong></span> <span class='ocrx_word' id='word_1_81' title='bbox 774 1020 939 1052; x_wconf 89' lang='lat' dir='ltr'><strong>tenetur</strong></span> <span class='ocrx_word' id='word_1_82' title='bbox 983 1012 1025 1051; x_wconf 92' lang='lat' dir='ltr'><strong>in</strong></span> <span class='ocrx_word' id='word_1_83' title='bbox 1061 1026 1217 1066; x_wconf 90' lang='lat' dir='ltr'><strong>penam</strong></span> <span class='ocrx_word' id='word_1_84' title='bbox 1249 1013 1520 1068; x_wconf 89' lang='lat' dir='ltr'><strong>negligencie,</strong></span> <span class='ocrx_word' id='word_1_85' title='bbox 1567 990 1891 1054; x_wconf 50' lang='lat' dir='ltr'>et85uesaonly{03</span> 
     </span>
    </p>
   </div>
   <div class='ocr_carea' id='block_1_4' title="bbox 227 1052 1894 1985">
    <p class='ocr_par' dir='ltr' id='par_1_11' title="bbox 227 1052 1894 1985">
     <span class='ocr_line' id='line_1_13' title="bbox 284 1052 1894 1139; baseline 0.005 -23"><span class='ocrx_word' id='word_1_86' title='bbox 284 1077 316 1116; x_wconf 90' lang='lat' dir='ltr'><strong>si</strong></span> <span class='ocrx_word' id='word_1_87' title='bbox 349 1079 575 1131; x_wconf 82' lang='lat' dir='ltr'><strong>perdiderit</strong></span> <span class='ocrx_word' id='word_1_88' title='bbox 607 1081 755 1121; x_wconf 87' lang='lat' dir='ltr'><strong>datum</strong></span> <span class='ocrx_word' id='word_1_89' title='bbox 792 1083 984 1123; x_wconf 87' lang='lat' dir='ltr'><strong>creditori</strong></span> <span class='ocrx_word' id='word_1_90' title='bbox 1018 1083 1199 1124; x_wconf 91' lang='lat' dir='ltr'><strong>tribuere</strong></span> <span class='ocrx_word' id='word_1_91' title='bbox 1232 1084 1346 1139; x_wconf 86' lang='lat' dir='ltr'><strong>quod</strong></span> <span class='ocrx_word' id='word_1_92' title='bbox 1373 1094 1432 1125; x_wconf 88' lang='lat' dir='ltr'><strong>est</strong></span> <span class='ocrx_word' id='word_1_93' title='bbox 1464 1098 1603 1124; x_wconf 88' lang='lat' dir='ltr'><strong>suum.</strong></span> <span class='ocrx_word' id='word_1_94' title='bbox 1619 1052 1894 1124; x_wconf 37' lang='lat' dir='ltr'><strong>thffissvggffilstim</strong></span> 
     </span>
     <span class='ocr_line' id='line_1_14' title="bbox 285 1148 1607 1210; baseline 0.006 -23"><span class='ocrx_word' id='word_1_95' title='bbox 285 1148 423 1189; x_wconf 90' lang='lat' dir='ltr'><strong>Multo</strong></span> <span class='ocrx_word' id='word_1_96' title='bbox 456 1151 552 1203; x_wconf 90' lang='lat' dir='ltr'><strong>plus</strong></span> <span class='ocrx_word' id='word_1_97' title='bbox 586 1152 764 1192; x_wconf 82' lang='lat' dir='ltr'><strong>creditor</strong></span> <span class='ocrx_word' id='word_1_98' title='bbox 785 1153 929 1193; x_wconf 86' lang='lat' dir='ltr'><strong>matris</strong></span> <span class='ocrx_word' id='word_1_99' title='bbox 952 1168 1038 1206; x_wconf 90' lang='lat' dir='ltr'><strong>sue,</strong></span> <span class='ocrx_word' id='word_1_100' title='bbox 1062 1164 1102 1194; x_wconf 90' lang='lat' dir='ltr'><strong>et</strong></span> <span class='ocrx_word' id='word_1_101' title='bbox 1124 1155 1356 1208; x_wconf 84' lang='lat' dir='ltr'><strong>specialiter</strong></span> <span class='ocrx_word' id='word_1_102' title='bbox 1378 1156 1410 1195; x_wconf 89' lang='lat' dir='ltr'><strong>si</strong></span> <span class='ocrx_word' id='word_1_103' title='bbox 1433 1155 1607 1210; x_wconf 86' lang='lat' dir='ltr'><strong>negligit</strong></span> 
     </span>
     <span class='ocr_line' id='line_1_15' title="bbox 285 1219 1606 1279; baseline 0.006 -21"><span class='ocrx_word' id='word_1_104' title='bbox 285 1219 517 1261; x_wconf 89' lang='lat' dir='ltr'><strong>discernere</strong></span> <span class='ocrx_word' id='word_1_105' title='bbox 551 1231 697 1262; x_wconf 85' lang='lat' dir='ltr'><strong>utrum</strong></span> <span class='ocrx_word' id='word_1_106' title='bbox 730 1233 897 1264; x_wconf 84' lang='lat' dir='ltr'><strong>exactor</strong></span> <span class='ocrx_word' id='word_1_107' title='bbox 930 1224 981 1264; x_wconf 91' lang='lat' dir='ltr'><strong>sit</strong></span> <span class='ocrx_word' id='word_1_108' title='bbox 1014 1224 1148 1265; x_wconf 89' lang='lat' dir='ltr'><strong>fidelis</strong></span> <span class='ocrx_word' id='word_1_109' title='bbox 1182 1235 1432 1279; x_wconf 91' lang='lat' dir='ltr'><strong>procurator</strong></span> <span class='ocrx_word' id='word_1_110' title='bbox 1465 1235 1606 1267; x_wconf 91' lang='lat' dir='ltr'><strong>sancte</strong></span> 
     </span>
     <span class='ocr_line' id='line_1_16' title="bbox 284 1291 1609 1350; baseline 0.007 -22"><span class='ocrx_word' id='word_1_111' title='bbox 284 1291 428 1330; x_wconf 87' lang='lat' dir='ltr'><strong>matris</strong></span> <span class='ocrx_word' id='word_1_112' title='bbox 481 1293 665 1346; x_wconf 84' lang='lat' dir='ltr'><strong>ecclesie,</strong></span> <span class='ocrx_word' id='word_1_113' title='bbox 722 1295 839 1348; x_wconf 89' lang='lat' dir='ltr'><strong>quod</strong></span> <span class='ocrx_word' id='word_1_114' title='bbox 873 1295 1074 1336; x_wconf 91' lang='lat' dir='ltr'><strong>iudicabit</strong></span> <span class='ocrx_word' id='word_1_115' title='bbox 1117 1297 1353 1337; x_wconf 88' lang='lat' dir='ltr'><strong>secundum</strong></span> <span class='ocrx_word' id='word_1_116' title='bbox 1397 1310 1525 1350; x_wconf 91' lang='lat' dir='ltr'><strong>opera</strong></span> <span class='ocrx_word' id='word_1_117' title='bbox 1569 1306 1609 1337; x_wconf 86' lang='lat' dir='ltr'><strong>et</strong></span> 
     </span>
     <span class='ocr_line' id='line_1_17' title="bbox 231 1362 1607 1422; baseline 0.005 -22"><span class='ocrx_word' id='word_1_118' title='bbox 231 1363 268 1396; x_wconf 88' lang='lat'><strong>15</strong></span> <span class='ocrx_word' id='word_1_119' title='bbox 283 1362 445 1414; x_wconf 88' lang='lat' dir='ltr'><strong>regulas</strong></span> <span class='ocrx_word' id='word_1_120' title='bbox 477 1363 691 1417; x_wconf 85' lang='lat' dir='ltr'><strong>scripture.</strong></span> <span class='ocrx_word' id='word_1_121' title='bbox 730 1365 839 1405; x_wconf 91' lang='lat' dir='ltr'><strong>Nam</strong></span> <span class='ocrx_word' id='word_1_122' title='bbox 870 1366 1034 1420; x_wconf 88' lang='lat' dir='ltr'><strong>liquido</strong></span> <span class='ocrx_word' id='word_1_123' title='bbox 1069 1376 1233 1407; x_wconf 85' lang='lat' dir='ltr'><strong>constat</strong></span> <span class='ocrx_word' id='word_1_124' title='bbox 1265 1367 1457 1407; x_wconf 89' lang='lat' dir='ltr'><strong>fidelibus</strong></span> <span class='ocrx_word' id='word_1_125' title='bbox 1492 1369 1607 1422; x_wconf 90' lang='lat' dir='ltr'><strong>quod</strong></span> 
     </span>
     <span class='ocr_line' id='line_1_18' title="bbox 284 1432 1608 1490; baseline 0.006 -20"><span class='ocrx_word' id='word_1_126' title='bbox 284 1432 457 1485; x_wconf 83' lang='lat' dir='ltr'><strong>decime,</strong></span> <span class='ocrx_word' id='word_1_127' title='bbox 492 1434 733 1475; x_wconf 84' lang='lat' dir='ltr'><strong>oblaciones</strong></span> <span class='ocrx_word' id='word_1_128' title='bbox 767 1445 806 1475; x_wconf 90' lang='lat' dir='ltr'><strong>et</strong></span> <span class='ocrx_word' id='word_1_129' title='bbox 837 1437 915 1476; x_wconf 90' lang='lat' dir='ltr'><strong>alie</strong></span> <span class='ocrx_word' id='word_1_130' title='bbox 947 1437 1106 1490; x_wconf 86' lang='lat' dir='ltr'><strong>private</strong></span> <span class='ocrx_word' id='word_1_131' title='bbox 1140 1438 1369 1478; x_wconf 86' lang='lat' dir='ltr'><strong>elemosine</strong></span> <span class='ocrx_word' id='word_1_132' title='bbox 1403 1439 1608 1478; x_wconf 90' lang='lat' dir='ltr'><strong>debentur</strong></span> 
     </span>
     <span class='ocr_line' id='line_1_19' title="bbox 285 1505 1608 1564; baseline 0.006 -23"><span class='ocrx_word' id='word_1_133' title='bbox 285 1512 425 1543; x_wconf 82' lang='lat' dir='ltr'><strong>sancte</strong></span> <span class='ocrx_word' id='word_1_134' title='bbox 457 1505 578 1544; x_wconf 89' lang='lat' dir='ltr'><strong>matri</strong></span> <span class='ocrx_word' id='word_1_135' title='bbox 604 1506 787 1547; x_wconf 85' lang='lat' dir='ltr'><strong>ecclesie.</strong></span> <span class='ocrx_word' id='word_1_136' title='bbox 824 1507 920 1556; x_wconf 82' lang='lat' dir='ltr'><strong>Qua</strong></span> <span class='ocrx_word' id='word_1_137' title='bbox 958 1507 1094 1549; x_wconf 89' lang='lat' dir='ltr'><strong>fronte</strong></span> <span class='ocrx_word' id='word_1_138' title='bbox 1131 1523 1228 1564; x_wconf 89' lang='lat' dir='ltr'><strong>ergo</strong></span> <span class='ocrx_word' id='word_1_139' title='bbox 1265 1509 1608 1550; x_wconf 84' lang='lat' dir='ltr'><strong>excomunicaret</strong></span> 
     </span>
     <span class='ocr_line' id='line_1_20' title="bbox 284 1572 1605 1634; baseline 0.005 -22"><span class='ocrx_word' id='word_1_140' title='bbox 284 1572 574 1616; x_wconf 88' lang='lat' dir='ltr'><strong>infructuosus</strong></span> <span class='ocrx_word' id='word_1_141' title='bbox 620 1577 817 1630; x_wconf 91' lang='lat' dir='ltr'><strong>operibus</strong></span> <span class='ocrx_word' id='word_1_142' title='bbox 850 1579 1100 1632; x_wconf 86' lang='lat' dir='ltr'><strong>evangelicis</strong></span> <span class='ocrx_word' id='word_1_143' title='bbox 1134 1580 1345 1621; x_wconf 92' lang='lat' dir='ltr'><strong>subiectos</strong></span> <span class='ocrx_word' id='word_1_144' title='bbox 1379 1580 1605 1634; x_wconf 85' lang='lat' dir='ltr'><strong>simplices,</strong></span> 
     </span>
     <span class='ocr_line' id='line_1_21' title="bbox 285 1642 1607 1703; baseline 0.007 -22"><span class='ocrx_word' id='word_1_145' title='bbox 285 1642 361 1682; x_wconf 92' lang='lat' dir='ltr'><strong>nisi</strong></span> <span class='ocrx_word' id='word_1_146' title='bbox 397 1645 496 1684; x_wconf 86' lang='lat' dir='ltr'><strong>dent</strong></span> <span class='ocrx_word' id='word_1_147' title='bbox 528 1645 604 1686; x_wconf 87' lang='lat' dir='ltr'><strong>sibi</strong></span> <span class='ocrx_word' id='word_1_148' title='bbox 645 1648 757 1687; x_wconf 90' lang='lat' dir='ltr'><strong>bona</strong></span> <span class='ocrx_word' id='word_1_149' title='bbox 797 1658 938 1689; x_wconf 87' lang='lat' dir='ltr'><strong>sancte</strong></span> <span class='ocrx_word' id='word_1_150' title='bbox 986 1650 1131 1690; x_wconf 89' lang='lat' dir='ltr'><strong>matris</strong></span> <span class='ocrx_word' id='word_1_151' title='bbox 1179 1651 1363 1703; x_wconf 90' lang='lat' dir='ltr'><strong>ecclesie,</strong></span> <span class='ocrx_word' id='word_1_152' title='bbox 1413 1665 1511 1692; x_wconf 92' lang='lat' dir='ltr'><strong>cum</strong></span> <span class='ocrx_word' id='word_1_153' title='bbox 1555 1651 1607 1691; x_wconf 93' lang='lat' dir='ltr'><strong>sit</strong></span> 
     </span>
     <span class='ocr_line' id='line_1_22' title="bbox 227 1714 1604 1776; baseline 0.008 -24"><span class='ocrx_word' id='word_1_154' title='bbox 227 1725 268 1748; x_wconf 90' lang='lat'><strong>20</strong></span> <span class='ocrx_word' id='word_1_155' title='bbox 286 1714 454 1754; x_wconf 73' lang='lat' dir='ltr'><strong>evidens</strong></span> <span class='ocrx_word' id='word_1_156' title='bbox 487 1716 628 1769; x_wconf 88' lang='lat' dir='ltr'><strong>ipsum</strong></span> <span class='ocrx_word' id='word_1_157' title='bbox 661 1731 748 1758; x_wconf 90' lang='lat' dir='ltr'><strong>non</strong></span> <span class='ocrx_word' id='word_1_158' title='bbox 782 1733 868 1759; x_wconf 91' lang='lat' dir='ltr'><strong>esse</strong></span> <span class='ocrx_word' id='word_1_159' title='bbox 901 1720 951 1760; x_wconf 93' lang='lat' dir='ltr'><strong>de</strong></span> <span class='ocrx_word' id='word_1_160' title='bbox 984 1720 1066 1771; x_wconf 89' lang='lat' dir='ltr'><strong>illa,</strong></span> <span class='ocrx_word' id='word_1_161' title='bbox 1100 1722 1173 1760; x_wconf 91' lang='lat' dir='ltr'><strong>sed</strong></span> <span class='ocrx_word' id='word_1_162' title='bbox 1204 1721 1247 1761; x_wconf 89' lang='lat' dir='ltr'><strong>in</strong></span> <span class='ocrx_word' id='word_1_163' title='bbox 1279 1721 1361 1775; x_wconf 92' lang='lat' dir='ltr'><strong>illa,</strong></span> <span class='ocrx_word' id='word_1_164' title='bbox 1385 1730 1604 1776; x_wconf 86' lang='lat' dir='ltr'><strong>tamquam</strong></span> 
     </span>
     <span class='ocr_line' id='line_1_23' title="bbox 285 1783 1604 1846; baseline 0.008 -24"><span class='ocrx_word' id='word_1_165' title='bbox 285 1783 373 1823; x_wconf 87' lang='lat' dir='ltr'><strong>eius</strong></span> <span class='ocrx_word' id='word_1_166' title='bbox 420 1785 584 1826; x_wconf 90' lang='lat' dir='ltr'><strong>hostem</strong></span> <span class='ocrx_word' id='word_1_167' title='bbox 630 1788 881 1842; x_wconf 85' lang='lat' dir='ltr'><strong>precipuum</strong></span> <span class='ocrx_word' id='word_1_168' title='bbox 930 1800 970 1831; x_wconf 89' lang='lat' dir='ltr'><strong>et</strong></span> <span class='ocrx_word' id='word_1_169' title='bbox 1000 1791 1182 1845; x_wconf 80' lang='lat' dir='ltr'><strong>ypocrisi</strong></span> <span class='ocrx_word' id='word_1_170' title='bbox 1210 1801 1335 1846; x_wconf 86' lang='lat' dir='ltr'><strong>atque</strong></span> <span class='ocrx_word' id='word_1_171' title='bbox 1374 1792 1604 1832; x_wconf 88' lang='lat' dir='ltr'><strong>mendaciis</strong></span> 
     </span>
     <span class='ocr_line' id='line_1_24' title="bbox 285 1853 1484 1912; baseline 0.008 -20"><span class='ocrx_word' id='word_1_172' title='bbox 285 1853 374 1894; x_wconf 87' lang='lat' dir='ltr'><strong>eius</strong></span> <span class='ocrx_word' id='word_1_173' title='bbox 407 1854 748 1898; x_wconf 89' lang='lat' dir='ltr'><strong>infidelissimum</strong></span> <span class='ocrx_word' id='word_1_174' title='bbox 781 1860 1058 1912; x_wconf 88' lang='lat' dir='ltr'><strong>proditorem.</strong></span> <span class='ocrx_word' id='word_1_175' title='bbox 1092 1862 1154 1901; x_wconf 91' lang='lat' dir='ltr'><strong>De</strong></span> <span class='ocrx_word' id='word_1_176' title='bbox 1186 1861 1266 1902; x_wconf 89' lang='lat' dir='ltr'><strong>isto</strong></span> <span class='ocrx_word' id='word_1_177' title='bbox 1300 1862 1484 1903; x_wconf 90' lang='lat' dir='ltr'><strong>inferius.</strong></span> 
     </span>
     <span class='ocr_line' id='line_1_25' title="bbox 235 1924 1847 1985; baseline 0.006 -23"><span class='ocrx_word' id='word_1_178' title='bbox 235 1925 267 1960; x_wconf 92' lang='grc' dir='ltr'>Ο</span> <span class='ocrx_word' id='word_1_179' title='bbox 342 1924 469 1965; x_wconf 82' lang='lat' dir='ltr'><strong>Sexto</strong></span> <span class='ocrx_word' id='word_1_180' title='bbox 521 1927 709 1980; x_wconf 84' lang='lat' dir='ltr'><strong>arguitur</strong></span> <span class='ocrx_word' id='word_1_181' title='bbox 755 1938 898 1969; x_wconf 82' lang='lat' dir='ltr'><strong>contra</strong></span> <span class='ocrx_word' id='word_1_182' title='bbox 949 1931 1057 1971; x_wconf 86' lang='lat' dir='ltr'><strong>dicta</strong></span> <span class='ocrx_word' id='word_1_183' title='bbox 1101 1931 1143 1970; x_wconf 92' lang='lat' dir='ltr'><strong>in</strong></span> <span class='ocrx_word' id='word_1_184' title='bbox 1187 1932 1354 1972; x_wconf 90' lang='lat' dir='ltr'><strong>racione</strong></span> <span class='ocrx_word' id='word_1_185' title='bbox 1400 1933 1600 1985; x_wconf 78' lang='lat' dir='ltr'><strong>secunda3</strong></span> <span class='ocrx_word' id='word_1_186' title='bbox 1665 1942 1847 1979; x_wconf 83' lang='lat' dir='ltr'><strong>Objection:</strong></span> 
     </span>
    </p>
   </div>
   <div class='ocr_carea' id='block_1_5' title="bbox 1617 1977 1895 2007">
    <p class='ocr_par' dir='ltr' id='par_1_12' title="bbox 1617 1977 1895 2007">
     <span class='ocr_line' id='line_1_26' title="bbox 1617 1977 1895 2007; baseline 0.007 -2"><span class='ocrx_word' id='word_1_187' title='bbox 1617 1977 1646 2005; x_wconf 87' lang='lat' dir='ltr'><strong>If</strong></span> <span class='ocrx_word' id='word_1_188' title='bbox 1664 1977 1767 2005; x_wconf 88' lang='lat' dir='ltr'><strong>Christ</strong></span> <span class='ocrx_word' id='word_1_189' title='bbox 1786 1987 1850 2006; x_wconf 83' lang='lat' dir='ltr'><strong>was</strong></span> <span class='ocrx_word' id='word_1_190' title='bbox 1879 1988 1895 2007; x_wconf 92' lang='lat' dir='ltr'><strong>a</strong></span> 
     </span>
    </p>
   </div>
   <div class='ocr_carea' id='block_1_6' title="bbox 282 1994 1892 2077">
    <p class='ocr_par' dir='ltr' id='par_1_13' title="bbox 282 1994 1892 2077">
     <span class='ocr_line' id='line_1_27' title="bbox 282 1994 1892 2077; baseline 0.005 -44"><span class='ocrx_word' id='word_1_191' title='bbox 282 1994 446 2035; x_wconf 86' lang='lat' dir='ltr'><strong>videtur</strong></span> <span class='ocrx_word' id='word_1_192' title='bbox 463 1996 590 2049; x_wconf 88' lang='lat' dir='ltr'><strong>enim,</strong></span> <span class='ocrx_word' id='word_1_193' title='bbox 616 1998 648 2037; x_wconf 93' lang='lat' dir='ltr'><strong>si</strong></span> <span class='ocrx_word' id='word_1_194' title='bbox 673 1998 865 2039; x_wconf 87' lang='lat' dir='ltr'><strong>Christus</strong></span> <span class='ocrx_word' id='word_1_195' title='bbox 889 2001 1160 2054; x_wconf 81' lang='lat' dir='ltr'><strong>desponsavit</strong></span> <span class='ocrx_word' id='word_1_196' title='bbox 1183 2011 1362 2042; x_wconf 88' lang='lat' dir='ltr'><strong>matrem</strong></span> <span class='ocrx_word' id='word_1_197' title='bbox 1386 2003 1603 2043; x_wconf 87' lang='lat' dir='ltr'><strong>ecclesiam</strong></span> <span class='ocrx_word' id='word_1_198' title='bbox 1618 2013 1892 2077; x_wconf 47' lang='lat' dir='ltr'><strong>Chsuorrghotl&#39;lghevas</strong></span> 
     </span>
    </p>
   </div>
   <div class='ocr_carea' id='block_1_7' title="bbox 222 2065 1892 2621">
    <p class='ocr_par' dir='ltr' id='par_1_14' title="bbox 222 2065 1892 2621">
     <span class='ocr_line' id='line_1_28' title="bbox 226 2065 1876 2127; baseline 0.008 -24"><span class='ocrx_word' id='word_1_199' title='bbox 226 2066 264 2098; x_wconf 74' lang='lat'><strong>23</strong></span> <span class='ocrx_word' id='word_1_200' title='bbox 283 2065 400 2105; x_wconf 90' lang='lat' dir='ltr'><strong>cuius</strong></span> <span class='ocrx_word' id='word_1_201' title='bbox 434 2065 512 2107; x_wconf 90' lang='lat' dir='ltr'><strong>fuit</strong></span> <span class='ocrx_word' id='word_1_202' title='bbox 542 2067 666 2121; x_wconf 90' lang='lat' dir='ltr'><strong>filius,</strong></span> <span class='ocrx_word' id='word_1_203' title='bbox 701 2071 817 2123; x_wconf 84' lang='lat' dir='ltr'><strong>quod</strong></span> <span class='ocrx_word' id='word_1_204' title='bbox 856 2069 966 2111; x_wconf 87' lang='lat' dir='ltr'><strong>filius</strong></span> <span class='ocrx_word' id='word_1_205' title='bbox 1012 2071 1119 2112; x_wconf 92' lang='lat' dir='ltr'><strong>foret</strong></span> <span class='ocrx_word' id='word_1_206' title='bbox 1152 2074 1291 2114; x_wconf 90' lang='lat' dir='ltr'><strong>senior</strong></span> <span class='ocrx_word' id='word_1_207' title='bbox 1335 2083 1466 2114; x_wconf 91' lang='lat' dir='ltr'><strong>matre</strong></span> <span class='ocrx_word' id='word_1_208' title='bbox 1515 2089 1602 2127; x_wconf 92' lang='lat' dir='ltr'><strong>sua,</strong></span> <span class='ocrx_word' id='word_1_209' title='bbox 1630 2083 1717 2111; x_wconf 75' lang='lat' dir='ltr'><strong>older</strong></span> <span class='ocrx_word' id='word_1_210' title='bbox 1734 2083 1806 2111; x_wconf 79' lang='lat' dir='ltr'><strong>than</strong></span> <span class='ocrx_word' id='word_1_211' title='bbox 1829 2084 1876 2111; x_wconf 80' lang='lat' dir='ltr'><strong>his</strong></span> 
     </span>
     <span class='ocr_line' id='line_1_29' title="bbox 281 2119 1819 2198; baseline 0.008 -24"><span class='ocrx_word' id='word_1_212' title='bbox 281 2135 388 2175; x_wconf 88' lang='lat' dir='ltr'><strong>sicut</strong></span> <span class='ocrx_word' id='word_1_213' title='bbox 420 2146 480 2177; x_wconf 92' lang='lat' dir='ltr'><strong>est</strong></span> <span class='ocrx_word' id='word_1_214' title='bbox 502 2136 802 2192; x_wconf 87' lang='lat' dir='ltr'><strong>honorabilior,</strong></span> <span class='ocrx_word' id='word_1_215' title='bbox 818 2141 1022 2182; x_wconf 90' lang='lat' dir='ltr'><strong>melioret</strong></span> <span class='ocrx_word' id='word_1_216' title='bbox 1046 2142 1265 2183; x_wconf 86' lang='lat' dir='ltr'><strong>formalior</strong></span> <span class='ocrx_word' id='word_1_217' title='bbox 1287 2157 1415 2198; x_wconf 87' lang='lat' dir='ltr'><strong>quam</strong></span> <span class='ocrx_word' id='word_1_218' title='bbox 1439 2154 1500 2185; x_wconf 91' lang='lat' dir='ltr'><strong>est</strong></span> <span class='ocrx_word' id='word_1_219' title='bbox 1521 2145 1602 2198; x_wconf 85' lang='lat' dir='ltr'><strong>illa,</strong></span> <span class='ocrx_word' id='word_1_220' title='bbox 1687 2119 1819 2146; x_wconf 47' lang='lat' dir='ltr'>momen</span> 
     </span>
     <span class='ocr_line' id='line_1_30' title="bbox 281 2206 1603 2270; baseline 0.008 -26"><span class='ocrx_word' id='word_1_221' title='bbox 281 2214 320 2245; x_wconf 92' lang='lat' dir='ltr'><strong>et</strong></span> <span class='ocrx_word' id='word_1_222' title='bbox 353 2206 409 2245; x_wconf 89' lang='lat' dir='ltr'><strong>sic</strong></span> <span class='ocrx_word' id='word_1_223' title='bbox 431 2208 767 2261; x_wconf 88' lang='lat' dir='ltr'><strong>ydemptificaret</strong></span> <span class='ocrx_word' id='word_1_224' title='bbox 789 2210 865 2250; x_wconf 90' lang='lat' dir='ltr'><strong>sibi</strong></span> <span class='ocrx_word' id='word_1_225' title='bbox 900 2225 1029 2253; x_wconf 90' lang='lat' dir='ltr'><strong>omne</strong></span> <span class='ocrx_word' id='word_1_226' title='bbox 1062 2214 1304 2254; x_wconf 89' lang='lat' dir='ltr'><strong>membrum</strong></span> <span class='ocrx_word' id='word_1_227' title='bbox 1328 2215 1498 2255; x_wconf 90' lang='lat' dir='ltr'><strong>ecclesie</strong></span> <span class='ocrx_word' id='word_1_228' title='bbox 1538 2215 1603 2270; x_wconf 87' lang='lat' dir='ltr'><strong>(ut</strong></span> 
     </span>
     <span class='ocr_line' id='line_1_31' title="bbox 279 2277 1475 2339; baseline 0.01 -24"><span class='ocrx_word' id='word_1_229' title='bbox 279 2289 376 2329; x_wconf 89' lang='lat' dir='ltr'><strong>sepe</strong></span> <span class='ocrx_word' id='word_1_230' title='bbox 408 2277 600 2319; x_wconf 90' lang='lat' dir='ltr'><strong>innuitur</strong></span> <span class='ocrx_word' id='word_1_231' title='bbox 630 2279 673 2319; x_wconf 90' lang='lat' dir='ltr'><strong>in</strong></span> <span class='ocrx_word' id='word_1_232' title='bbox 705 2282 857 2321; x_wconf 91' lang='lat' dir='ltr'><strong>sanctis</strong></span> <span class='ocrx_word' id='word_1_233' title='bbox 891 2283 1135 2324; x_wconf 89' lang='lat' dir='ltr'><strong>doctoribus</strong></span> <span class='ocrx_word' id='word_1_234' title='bbox 1169 2293 1209 2324; x_wconf 92' lang='lat' dir='ltr'><strong>et</strong></span> <span class='ocrx_word' id='word_1_235' title='bbox 1241 2283 1475 2339; x_wconf 78' lang='lat' dir='ltr'><strong>scriptura).</strong></span> 
     </span>
     <span class='ocr_line' id='line_1_32' title="bbox 338 2346 1829 2414; baseline 0.009 -29"><span class='ocrx_word' id='word_1_236' title='bbox 338 2346 417 2387; x_wconf 91' lang='lat' dir='ltr'><strong>Hic</strong></span> <span class='ocrx_word' id='word_1_237' title='bbox 439 2347 588 2389; x_wconf 88' lang='lat' dir='ltr'><strong>dicitur</strong></span> <span class='ocrx_word' id='word_1_238' title='bbox 620 2352 737 2403; x_wconf 88' lang='lat' dir='ltr'><strong>quod</strong></span> <span class='ocrx_word' id='word_1_239' title='bbox 761 2351 952 2393; x_wconf 82' lang='lat' dir='ltr'><strong>Christus</strong></span> <span class='ocrx_word' id='word_1_240' title='bbox 986 2355 1257 2407; x_wconf 80' lang='lat' dir='ltr'><strong>desponsavit</strong></span> <span class='ocrx_word' id='word_1_241' title='bbox 1279 2365 1456 2395; x_wconf 88' lang='lat' dir='ltr'><strong>matrem</strong></span> <span class='ocrx_word' id='word_1_242' title='bbox 1480 2370 1602 2397; x_wconf 90' lang='lat' dir='ltr'><strong>suam</strong></span> <span class='ocrx_word' id='word_1_243' title='bbox 1649 2409 1654 2414; x_wconf 30' lang='grc' dir='ltr'>ι</span> <span class='ocrx_word' id='word_1_244' title='bbox 1677 2374 1829 2403; x_wconf 84' lang='lat' dir='ltr'><strong>Answer:</strong></span> 
     </span>
     <span class='ocr_line' id='line_1_33' title="bbox 222 2408 1892 2483; baseline 0.008 -28"><span class='ocrx_word' id='word_1_245' title='bbox 222 2415 265 2447; x_wconf 78' lang='lat'><strong>30</strong></span> <span class='ocrx_word' id='word_1_246' title='bbox 279 2429 361 2470; x_wconf 88' lang='lat' dir='ltr'><strong>que</strong></span> <span class='ocrx_word' id='word_1_247' title='bbox 393 2427 453 2458; x_wconf 89' lang='lat' dir='ltr'><strong>est</strong></span> <span class='ocrx_word' id='word_1_248' title='bbox 486 2420 625 2459; x_wconf 87' lang='lat' dir='ltr'><strong>totalis</strong></span> <span class='ocrx_word' id='word_1_249' title='bbox 660 2422 831 2461; x_wconf 89' lang='lat' dir='ltr'><strong>ecclesia</strong></span> <span class='ocrx_word' id='word_1_250' title='bbox 865 2436 952 2462; x_wconf 89' lang='lat' dir='ltr'><strong>non</strong></span> <span class='ocrx_word' id='word_1_251' title='bbox 987 2426 1226 2465; x_wconf 90' lang='lat' dir='ltr'><strong>secundum</strong></span> <span class='ocrx_word' id='word_1_252' title='bbox 1259 2439 1302 2465; x_wconf 90' lang='lat' dir='ltr'><strong>se</strong></span> <span class='ocrx_word' id='word_1_253' title='bbox 1334 2435 1482 2477; x_wconf 87' lang='lat' dir='ltr'><strong>totam,</strong></span> <span class='ocrx_word' id='word_1_254' title='bbox 1529 2427 1599 2466; x_wconf 91' lang='lat' dir='ltr'><strong>sed</strong></span> <span class='ocrx_word' id='word_1_255' title='bbox 1614 2408 1672 2472; x_wconf 46' lang='lat'>{3¹0⁵</span> <span class='ocrx_word' id='word_1_256' title='bbox 1693 2411 1892 2483; x_wconf 54' lang='grc' dir='ltr'><strong>ἓξῐξξὲἓέζῖῗ</strong></span> 
     </span>
     <span class='ocr_line' id='line_1_34' title="bbox 281 2488 1601 2548; baseline 0.009 -23"><span class='ocrx_word' id='word_1_257' title='bbox 281 2488 514 2527; x_wconf 87' lang='lat' dir='ltr'><strong>secundum</strong></span> <span class='ocrx_word' id='word_1_258' title='bbox 567 2504 828 2545; x_wconf 79' lang='lat' dir='ltr'><strong>synagogam</strong></span> <span class='ocrx_word' id='word_1_259' title='bbox 882 2507 929 2532; x_wconf 81' lang='lat' dir='ltr'><strong>ex</strong></span> <span class='ocrx_word' id='word_1_260' title='bbox 983 2508 1066 2548; x_wconf 84' lang='lat' dir='ltr'><strong>qua</strong></span> <span class='ocrx_word' id='word_1_261' title='bbox 1119 2494 1312 2536; x_wconf 89' lang='lat' dir='ltr'><strong>Christus</strong></span> <span class='ocrx_word' id='word_1_262' title='bbox 1365 2497 1601 2537; x_wconf 90' lang='lat' dir='ltr'><strong>secundum</strong></span> 
     </span>
     <span class='ocr_line' id='line_1_35' title="bbox 280 2560 1601 2621; baseline 0.008 -26"><span class='ocrx_word' id='word_1_263' title='bbox 280 2570 447 2597; x_wconf 90' lang='lat' dir='ltr'><strong>carnem</strong></span> <span class='ocrx_word' id='word_1_264' title='bbox 479 2560 648 2613; x_wconf 84' lang='lat' dir='ltr'><strong>prodiit,</strong></span> <span class='ocrx_word' id='word_1_265' title='bbox 683 2570 722 2601; x_wconf 91' lang='lat' dir='ltr'><strong>et</strong></span> <span class='ocrx_word' id='word_1_266' title='bbox 755 2562 812 2601; x_wconf 90' lang='lat' dir='ltr'><strong>sic</strong></span> <span class='ocrx_word' id='word_1_267' title='bbox 845 2565 1018 2617; x_wconf 78' lang='lat' dir='ltr'><strong>reliquit</strong></span> <span class='ocrx_word' id='word_1_268' title='bbox 1042 2572 1219 2618; x_wconf 75' lang='lat' dir='ltr'><strong>patrem</strong></span> <span class='ocrx_word' id='word_1_269' title='bbox 1254 2573 1292 2606; x_wconf 81' lang='lat' dir='ltr'><strong>et</strong></span> <span class='ocrx_word' id='word_1_270' title='bbox 1326 2576 1508 2608; x_wconf 77' lang='lat' dir='ltr'><strong>matrem</strong></span> <span class='ocrx_word' id='word_1_271' title='bbox 1537 2568 1601 2621; x_wconf 75' lang='lat' dir='ltr'><strong>(ut</strong></span> 
     </span>
    </p>
   </div>
   <div class='ocr_carea' id='block_1_8' title="bbox 279 2627 1598 2691">
    <p class='ocr_par' dir='ltr' id='par_1_15' title="bbox 279 2627 1598 2691">
     <span class='ocr_line' id='line_1_36' title="bbox 279 2627 1598 2691; baseline 0.01 -26"><span class='ocrx_word' id='word_1_272' title='bbox 279 2627 408 2667; x_wconf 91' lang='lat' dir='ltr'><strong>sancti</strong></span> <span class='ocrx_word' id='word_1_273' title='bbox 432 2628 622 2669; x_wconf 91' lang='lat' dir='ltr'><strong>doctores</strong></span> <span class='ocrx_word' id='word_1_274' title='bbox 641 2641 860 2684; x_wconf 81' lang='lat' dir='ltr'><strong>exponunt</strong></span> <span class='ocrx_word' id='word_1_275' title='bbox 884 2633 1045 2674; x_wconf 91' lang='lat' dir='ltr'><strong>dictum</strong></span> <span class='ocrx_word' id='word_1_276' title='bbox 1068 2649 1194 2675; x_wconf 91' lang='lat' dir='ltr'><strong>suum</strong></span> <span class='ocrx_word' id='word_1_277' title='bbox 1211 2636 1384 2677; x_wconf 86' lang='lat' dir='ltr'><strong>Matthei</strong></span> <span class='ocrx_word' id='word_1_278' title='bbox 1400 2638 1531 2690; x_wconf 78' lang='lat' dir='ltr'><strong>XIXO,</strong></span> <span class='ocrx_word' id='word_1_279' title='bbox 1557 2635 1598 2691; x_wconf 81' lang='grc'><strong>5)</strong></span> 
     </span>
    </p>
   </div>
   <div class='ocr_carea' id='block_1_9' title="bbox 277 2775 1598 2958">
    <p class='ocr_par' dir='ltr' id='par_1_16' title="bbox 277 2775 1598 2958">
     <span class='ocr_line' id='line_1_37' title="bbox 330 2775 1598 2817; baseline 0.01 -14"><span class='ocrx_word' id='word_1_280' title='bbox 330 2783 369 2803; x_wconf 81' lang='lat'><strong>12.</strong></span> <span class='ocrx_word' id='word_1_281' title='bbox 392 2775 550 2813; x_wconf 86' lang='lat' dir='ltr'><strong>Creditor;</strong></span> <span class='ocrx_word' id='word_1_282' title='bbox 572 2779 834 2809; x_wconf 80' lang='lat' dir='ltr'><strong>fortassedebitor</strong></span> <span class='ocrx_word' id='word_1_283' title='bbox 855 2781 1030 2817; x_wconf 82' lang='lat' dir='ltr'><strong>legendum.</strong></span> <span class='ocrx_word' id='word_1_284' title='bbox 1088 2784 1127 2812; x_wconf 79' lang='lat'><strong>13.</strong></span> <span class='ocrx_word' id='word_1_285' title='bbox 1149 2784 1189 2812; x_wconf 79' lang='lat' dir='ltr'><strong>B:</strong></span> <span class='ocrx_word' id='word_1_286' title='bbox 1211 2790 1257 2813; x_wconf 85' lang='lat' dir='ltr'><strong>est</strong></span> <span class='ocrx_word' id='word_1_287' title='bbox 1270 2785 1378 2814; x_wconf 85' lang='lat' dir='ltr'><strong>fidelis.</strong></span> <span class='ocrx_word' id='word_1_288' title='bbox 1453 2787 1495 2815; x_wconf 75' lang='lat'><strong>23.</strong></span> <span class='ocrx_word' id='word_1_289' title='bbox 1518 2788 1546 2815; x_wconf 91' lang='lat' dir='ltr'><strong>A</strong></span> <span class='ocrx_word' id='word_1_290' title='bbox 1568 2788 1598 2816; x_wconf 90' lang='lat' dir='ltr'><strong>in</strong></span> 
     </span>
     <span class='ocr_line' id='line_1_38' title="bbox 278 2822 1596 2871; baseline 0.01 -23"><span class='ocrx_word' id='word_1_291' title='bbox 278 2828 391 2857; x_wconf 72' lang='lat' dir='ltr'><strong>marg:</strong></span> <span class='ocrx_word' id='word_1_292' title='bbox 415 2822 506 2852; x_wconf 84' lang='lat' dir='ltr'><strong>Sexta</strong></span> <span class='ocrx_word' id='word_1_293' title='bbox 527 2826 676 2854; x_wconf 84' lang='lat' dir='ltr'><strong>obieccio.</strong></span> <span class='ocrx_word' id='word_1_294' title='bbox 787 2827 831 2855; x_wconf 80' lang='lat'><strong>25.</strong></span> <span class='ocrx_word' id='word_1_295' title='bbox 852 2828 889 2856; x_wconf 86' lang='lat' dir='ltr'><strong>B:</strong></span> <span class='ocrx_word' id='word_1_296' title='bbox 915 2838 970 2857; x_wconf 83' lang='lat' dir='ltr'><strong>sua</strong></span> <span class='ocrx_word' id='word_1_297' title='bbox 992 2832 1086 2859; x_wconf 84' lang='lat' dir='ltr'><strong>deest.</strong></span> <span class='ocrx_word' id='word_1_298' title='bbox 1185 2833 1232 2860; x_wconf 77' lang='lat'><strong>26.</strong></span> <span class='ocrx_word' id='word_1_299' title='bbox 1253 2833 1309 2868; x_wconf 59' lang='lat' dir='ltr'><strong>Al:</strong></span> <span class='ocrx_word' id='word_1_300' title='bbox 1331 2833 1503 2862; x_wconf 84' lang='lat' dir='ltr'><strong>formosior</strong></span> <span class='ocrx_word' id='word_1_301' title='bbox 1523 2844 1596 2871; x_wconf 82' lang='lat' dir='ltr'><strong>pro:</strong></span> 
     </span>
     <span class='ocr_line' id='line_1_39' title="bbox 277 2866 1595 2918; baseline 0.012 -24"><span class='ocrx_word' id='word_1_302' title='bbox 277 2866 447 2897; x_wconf 82' lang='lat' dir='ltr'><strong>formalior.</strong></span> <span class='ocrx_word' id='word_1_303' title='bbox 555 2881 600 2908; x_wconf 69' lang='lat'><strong>29.</strong></span> <span class='ocrx_word' id='word_1_304' title='bbox 622 2874 651 2902; x_wconf 94' lang='lat' dir='ltr'><strong>A</strong></span> <span class='ocrx_word' id='word_1_305' title='bbox 672 2874 703 2902; x_wconf 91' lang='lat' dir='ltr'><strong>in</strong></span> <span class='ocrx_word' id='word_1_306' title='bbox 725 2883 838 2911; x_wconf 47' lang='lat' dir='ltr'><strong>marga</strong></span> <span class='ocrx_word' id='word_1_307' title='bbox 861 2875 945 2905; x_wconf 63' lang='lat' dir='ltr'><strong>Nota</strong></span> <span class='ocrx_word' id='word_1_308' title='bbox 967 2878 1055 2907; x_wconf 82' lang='lat' dir='ltr'><strong>bene.</strong></span> <span class='ocrx_word' id='word_1_309' title='bbox 1077 2880 1269 2918; x_wconf 84' lang='lat' dir='ltr'><strong>Responsio:</strong></span> <span class='ocrx_word' id='word_1_310' title='bbox 1294 2881 1437 2909; x_wconf 65' lang='lat' dir='ltr'><strong>Christus</strong></span> <span class='ocrx_word' id='word_1_311' title='bbox 1459 2882 1595 2918; x_wconf 85' lang='lat' dir='ltr'><strong>despon-</strong></span> 
     </span>
     <span class='ocr_line' id='line_1_40' title="bbox 279 2914 1336 2958; baseline 0.015 -18"><span class='ocrx_word' id='word_1_312' title='bbox 279 2914 356 2942; x_wconf 82' lang='lat' dir='ltr'><strong>savit</strong></span> <span class='ocrx_word' id='word_1_313' title='bbox 375 2915 433 2942; x_wconf 91' lang='lat' dir='ltr'><strong>sibi</strong></span> <span class='ocrx_word' id='word_1_314' title='bbox 455 2922 582 2947; x_wconf 77' lang='lat' dir='ltr'><strong>matrem</strong></span> <span class='ocrx_word' id='word_1_315' title='bbox 599 2929 685 2949; x_wconf 83' lang='lat' dir='ltr'><strong>suam</strong></span> <span class='ocrx_word' id='word_1_316' title='bbox 709 2921 871 2950; x_wconf 72' lang='lat' dir='ltr'><strong>ecclesiam</strong></span> <span class='ocrx_word' id='word_1_317' title='bbox 895 2932 956 2952; x_wconf 89' lang='lat' dir='ltr'><strong>non</strong></span> <span class='ocrx_word' id='word_1_318' title='bbox 979 2928 1152 2955; x_wconf 87' lang='lat' dir='ltr'><strong>secundnm</strong></span> <span class='ocrx_word' id='word_1_319' title='bbox 1175 2937 1208 2955; x_wconf 88' lang='lat' dir='ltr'><strong>se</strong></span> <span class='ocrx_word' id='word_1_320' title='bbox 1229 2933 1336 2958; x_wconf 75' lang='lat' dir='ltr'><strong>totam.</strong></span> 
     </span>
    </p>
   </div>
   <div class='ocr_carea' id='block_1_10' title="bbox 1467 2967 1511 3002">
    <p class='ocr_par' dir='ltr' id='par_1_17' title="bbox 1467 2967 1511 3002">
     <span class='ocr_line' id='line_1_41' title="bbox 1467 2967 1511 3002; baseline 0 -17"><span class='ocrx_word' id='word_1_321' title='bbox 1467 2967 1511 3002; x_wconf 65' lang='lat'>0³2(-</span> 
     </span>
    </p>
   </div>
  </div>
 </body>
</html>
