2045 3312
151 263 203 301 26
865 273 1089 305 JOHANNIS
1114 272 1310 305 WYCLlF.
1606 261 1709 319 [cmx
1726 272 1761 299 11.

148 391 407 454 miliiss'nitfflagitotsse
442 392 591 419 omnes
636 378 846 432 principes
893 379 1019 418 seculi
1066 393 1209 420 secum
1259 389 1552 420 conversantes
1608 380 1915 424 debent131⁶A

174 463 282 501 dience
309 460 398 488 ofau
440 463 583 502 parere
617 448 691 488 sibi
727 458 766 488 et
799 449 1038 502 cuicunque
1061 464 1168 503 pape
1202 450 1272 504 qui
1307 449 1430 490 fuerit
1461 464 1538 503 pro
1572 461 1762 503 tempore

166 502 341 568 {armaspis
361 496 413 522 me
441 529 485 559 ut
509 519 634 573 capiti
657 529 796 559 sancte
818 519 964 559 matris
987 520 1170 560 ecclesie.
1201 521 1261 560 Ex
1285 534 1372 574 quo
1394 520 1560 561 videtur
1587 521 1761 560 innuere

439 591 556 644 quod
600 590 688 643 ipse
734 598 773 629 et
819 589 1063 644 quicunque
1095 604 1204 644 papa
1256 591 1307 630 sit
1349 599 1475 644 caput
1518 591 1761 631 universalis

440 660 623 701 ecclesie.
677 660 730 699 Et
789 660 937 699 eodem
996 661 1129 700 modo
1185 660 1350 700 videtur
1401 662 1518 715 quod
1569 662 1795 716 intelligit5

439 732 679 771 Romanam
724 730 942 770 ecclesiam
986 730 1249 784 singulariter
1292 731 1407 771 illam
1454 732 1497 770 in
1544 746 1627 785 qua
1673 732 1762 786 ipse

438 801 620 855 presidet
653 814 749 839 cum
774 800 1054 840 cardinalibus
1089 801 1153 840 cui
1183 801 1235 841 sit
1265 801 1547 841 necessarium
1577 803 1759 843 obedire.

498 871 577 911 Hic
610 871 760 911 dicitur
798 871 915 924 quod
948 871 1089 911 nullus
1112 885 1221 924 papa
1255 871 1353 911 citra
1376 871 1592 911 Christum
1625 882 1763 925 potest

438 941 641 981 catholice
673 941 779 980 illud
809 941 1042 981 intendere:
1089 941 1184 981 ideo
1228 955 1316 981 non
1348 942 1471 981 debet
1502 942 1686 995 supponi
1719 942 1761 982 in

213 896 361 923 Answer:

147 931 206 959 We
220 936 301 959 must
313 936 365 958 not
378 935 423 957 at-

180 966 292 994 tribute
313 965 387 993 such

163 1002 348 1037 blasphemy
375 1006 405 1029 to

201 1037 369 1072 merope.
438 1012 614 1053 domino
660 1026 769 1066 papa
812 1021 928 1052 tanta
967 1012 1196 1052 blasfemia.
1242 1013 1352 1052 Nam
1385 1012 1499 1052 iuxta
1531 1013 1820 1053 secundamio

437 1083 757 1124 conclusionem
790 1082 915 1122 unica
947 1092 1007 1122 est
1037 1083 1130 1122 talis
1164 1082 1336 1122 ecclesia
1381 1082 1498 1123 cuius
1544 1092 1669 1136 caput
1701 1092 1761 1122 est

437 1154 644 1205 Christus,
679 1162 719 1194 et
751 1167 837 1193 non
870 1153 995 1193 habet
1026 1153 1069 1192 in
1102 1152 1219 1193 terris
1258 1153 1392 1193 multa
1433 1153 1582 1206 capita,
1621 1166 1673 1192 ne
1712 1153 1763 1193 sit

435 1234 688 1265 monstrum.
706 1224 819 1264 Cum
843 1237 941 1278 ergo
965 1223 1107 1263 nullus
1122 1222 1276 1263 Christi
1291 1223 1468 1263 vicarius
1487 1223 1538 1263 sit
1554 1222 1760 1275 Christus,

436 1295 627 1349 sequitur
659 1295 776 1349 quod
808 1294 950 1334 nullus
997 1294 1151 1334 Christi
1184 1294 1361 1333 vicarius
1394 1294 1447 1334 sit
1492 1303 1618 1347 caput
1649 1294 1760 1334 illius

438 1365 621 1406 ecclesie.
670 1365 936 1405 Antecedens
986 1365 1104 1405 istius
1151 1364 1458 1418 consequencie
1503 1364 1679 1418 ponitur
1719 1364 1819 1405 {1115

437 1437 547 1476 dicta
579 1436 772 1476 decretali
813 1436 1048 1475 secundum
1081 1435 1314 1489 quamlibet
1347 1435 1434 1474 eius
1467 1443 1641 1487 partem.
1675 1436 1762 1474 Nec

436 1507 602 1547 videtur
648 1506 904 1546 catholicum
945 1507 1062 1559 quod
1106 1505 1215 1545 dicta
1259 1504 1473 1545 decretalis
1519 1505 1569 1544 sit
1601 1505 1641 1544 in
1681 1505 1762 1544 hoc

439 1576 712 1630 impossibilis
744 1577 810 1616 vel
842 1577 1080 1630 improvide
1114 1576 1251 1630 posita
1296 1577 1438 1629 quoad
1471 1575 1654 1630 logicam
1698 1576 1763 1614 vel

438 1647 785 1701 metaphysicam.

144 1739 204 1765 115,
220 1739 313 1773 urged
329 1738 423 1765 what
497 1718 578 1758 Sed
612 1717 677 1757 hic
717 1727 860 1770 posset
902 1717 1149 1771 responderi
1184 1716 1418 1770 tripliciter:
1463 1716 1603 1769 primo
1644 1717 1791 1769 quodl

157 1773 410 1835 ωζᾷζῑςέζζῇἶηδ
441 1787 633 1828 Christus
678 1797 717 1827 et
760 1796 849 1827 tota
897 1788 1103 1828 successio
1143 1801 1320 1827 suorum
1363 1786 1616 1826 vicariorum
1664 1796 1762 1825 sunt

146 1844 423 1906 ‘'ffifflfeffissffifm
440 1872 576 1898 unum
627 1868 752 1911 caput
801 1857 1075 1912 aggregative,
1115 1859 1187 1897 sed
1232 1858 1371 1897 nullus
1416 1871 1564 1896 eorum
1602 1870 1674 1909 per
1706 1870 1801 1895 sea

147 1937 425 2008 Tlgliesaggssffisotthe
441 1929 742 1968 Verumtamen
768 1942 853 1968 non
878 1929 1001 1968 credo
1025 1928 1211 1982 aliquem
1233 1927 1489 1967 catholicum
1513 1927 1600 1967 sani
1619 1926 1764 1980 capitis

227 1995 341 2042 elisis-r,
439 1999 519 2038 hoc
559 1999 724 2051 sentire,
764 1999 862 2052 quia
894 2008 994 2039 tunc
1029 2008 1249 2052 negaretur
1272 1998 1488 2038 Christum
1523 2012 1611 2038 esse
1639 2006 1764 2050 caput

440 2069 684 2108 universalis
704 2069 887 2119 ecclesie,
905 2070 976 2108 sed
993 2082 1127 2108 unum
1148 2078 1419 2122 aggregatum
1434 2068 1551 2108 cuius
1567 2068 1760 2108 Christus
1777 2073 1816 2105 25

438 2138 544 2178 foret
576 2153 685 2192 pars,
720 2149 759 2178 et
791 2139 847 2178 sic
871 2139 1082 2191 integrum
1115 2152 1268 2191 corpus
1292 2138 1444 2178 Christi
1480 2152 1565 2178 non
1591 2138 1760 2177 haberet

439 2209 657 2249 Christum
690 2219 834 2262 caput;
883 2210 999 2263 quod
1032 2218 1183 2261 reputo
1218 2222 1302 2248 non
1348 2209 1489 2248 minus
1529 2208 1760 2247 hereticum

438 2293 568 2333 quam
613 2279 879 2320 blasfemum.
926 2279 1136 2330 Similiter,
1177 2293 1276 2319 cum
1309 2278 1497 2318 Christus
1539 2278 1590 2317 sit
1634 2283 1801 2330 caputb

438 2350 574 2390 tocius
605 2349 890 2390 multitudinis
922 2349 1175 2389 vicariorum
1215 2363 1392 2389 suorum
1440 2357 1478 2388 et
1525 2347 1602 2401 ipsi
1637 2356 1762 2399 caput

438 2420 573 2460 tocius
634 2419 801 2471 residui,
859 2420 1024 2459 videtur
1088 2421 1204 2472 quod
1263 2419 1350 2472 ipse
1414 2418 1464 2458 sit
1521 2417 1761 2469 archicaput
1779 2423 1820 2454 30

438 2491 573 2531 tocius
607 2490 777 2530 ecclesie
811 2499 849 2529 et
882 2491 1023 2530 nullus
1056 2503 1217 2529 eorum.
1259 2490 1444 2529 Vocatur
1491 2487 1603 2527 enim
1637 2496 1796 2540 caputc

439 2561 581 2600 matris
614 2560 783 2600 ecclesie
816 2561 931 2613 quod
968 2574 1052 2599 non
1087 2560 1375 2600 communicat
1419 2572 1515 2598 cum
1561 2556 1760 2596 membris

440 2631 627 2685 corporis
661 2631 702 2669 in
736 2640 883 2671 natura
916 2621 994 2670 alili
1027 2631 1242 2683 singulari,
1287 2630 1384 2683 quia
1428 2629 1545 2668 aliter
1589 2628 1759 2666 haberet

499 2753 516 2772 1.
530 2745 555 2772 A
568 2754 574 2771 t
588 2749 807 2772 conversantes
822 2752 937 2780 parere.
953 2746 1008 2780 Al:
1029 2749 1167 2780 parerent
1181 2744 1312 2771 correxit
1326 2744 1353 2770 in
1368 2751 1465 2777 marg.
1539 2744 1564 2769 S.
1581 2741 1600 2768 Ρ-
1614 2741 1642 2768 in
1657 2749 1759 2775 marg:

438 2792 625 2827 Responsio.
717 2799 762 2818 20.
780 2792 801 2818 B
823 2792 851 2819 in
875 2800 979 2826 marg:
1004 2791 1114 2819 Tei-cia
1138 2791 1310 2826 responsio.
1402 2789 1441 2817 31.
1457 2789 1478 2816 13
1501 2790 1529 2816 in
1551 2796 1654 2822 marg:
1677 2788 1759 2823 Quid

440 2843 565 2866 vocatur
586 2843 677 2873 caput
698 2838 806 2865 matris
827 2838 975 2865 ecclc-sie?
1054 2836 1093 2866 33.
1115 2838 1152 2864 13:
1175 2837 1202 2865 in
1226 2843 1332 2865 natura
1353 2842 1413 2864 aut.

505 2922 552 2954 iti.
576 2924 708 2954 Decret.
728 2923 839 2954 Unam
859 2930 1026 2954 sanctam.
1047 2923 1182 2954 Extrav.
1206 2932 1333 2953 comm.
1350 2919 1406 2952 lib.
1425 2921 1445 2960 Ι,
1472 2921 1519 2952 tit.
1538 2920 1623 2959 VIlI,
1647 2929 1720 2961 cap.
1740 2921 1759 2951 1.
