2045 3312
173 258 252 297 562
902 264 1127 298 JOHANNJS
1153 265 1349 297 WYCLIF.
1552 253 1658 311 [CAP.
1676 262 1785 290 xxm.

459 370 679 410 humiliter
718 384 792 423 per
825 371 984 411 ostium
1010 370 1232 411 Christum
1266 371 1318 410 ad
1353 372 1434 411 tale
1468 369 1675 422 officium,
1710 369 1782 410 sed
1801 380 1884 422 204¹¹
1907 382 1938 414 F

460 441 649 480 ascendit
672 440 843 480 aliunde
877 441 1061 481 violente
1095 454 1170 494 per
1203 449 1388 481 tractum
1423 441 1531 494 regis
1566 441 1780 494 superbie,

463 520 502 551 et
525 525 598 564 per
624 524 891 565 consequens
917 521 993 563 est,
1019 512 1052 551 si
1076 511 1238 552 factum
1264 525 1389 552 suurn
1425 512 1483 552 sic
1508 525 1550 551 se
1573 511 1786 563 habuerit,

463 582 531 621 fur
565 592 605 622 et
638 582 760 623 latro.

169 660 448 734 {ngkssssffiepgffiig}
523 653 588 691 Ad
614 654 852 692 secundum
879 662 1184 706 argumentum
1217 661 1389 706 captum
1416 666 1464 691 ex
1488 653 1602 692 dicto
1628 651 1841 697 ChristiG

201 734 412 797 mffiefpiiigw
465 723 645 763 Matthei
685 723 806 763 XV10
840 732 956 776 patet
1002 736 1051 763 ex
1091 736 1191 776 sepe
1225 723 1348 762 dictis
1383 723 1500 776 quod
1540 723 1789 776 quicunque

198 805 344 845 iiumiiity
364 804 422 831 and
465 794 522 833 sic
570 795 800 844 extollitur,
849 795 914 833 vel
961 793 1013 832 ad
1059 807 1156 833 eum
1191 794 1242 832 de
1275 802 1488 846 potestate
1528 793 1625 833 data
1661 793 1787 832 Petro

246 849 372 868 service.
465 874 504 904 et
531 865 620 904 eius
646 865 828 915 vicariis,
862 864 958 904 ideo
983 877 1155 904 necesse
1185 874 1247 903 est
1281 878 1413 917 papas
1448 863 1669 903 addiscere
1702 876 1790 902 sco-

465 935 549 974 lam
604 935 716 974 Petri
771 935 1012 987 specialiter
1064 935 1105 973 in
1160 934 1402 974 humilitate
1456 944 1496 974 et
1549 932 1789 973 ministerio

464 1005 692 1058 spirituali,
723 1005 821 1058 quia
847 1005 968 1044 aliter
999 1017 1084 1044 non
1118 1013 1180 1044 est
1213 1005 1280 1044 ille
1314 1004 1387 1058 qui
1416 1005 1473 1044 sic
1504 1003 1788 1057 pretenditur,
1812 1026 1849 1047 10

466 1085 511 1114 ut
534 1084 651 1127 patet
673 1075 1000 1129 quadragesima
1025 1074 1319 1115 distinccione.
1356 1074 1542 1128 Oportet
1581 1087 1683 1126 ergo
1711 1073 1786 1113 do-

466 1146 632 1185 minum
659 1159 815 1199 papam
845 1146 1172 1198 circumspicere
1199 1154 1247 1185 ut
1275 1154 1417 1185 teneat
1444 1158 1486 1184 se
1510 1145 1551 1183 in
1576 1144 1784 1184 limitibus

466 1217 598 1256 sancti
635 1216 763 1269 Petri,
798 1226 838 1256 et
872 1216 1111 1269 specialiter
1135 1216 1251 1269 quod
1278 1224 1398 1255 notet
1420 1216 1549 1254 verba
1582 1214 1791 1267 scripture

467 1300 598 1338 sacre,
647 1300 731 1326 non
779 1287 1030 1340 usurpando
1077 1286 1192 1340 quod
1237 1287 1341 1338 ligat
1374 1295 1414 1325 et
1448 1286 1574 1326 solvit
1608 1285 1648 1324 in
1688 1298 1789 1337 pur—

467 1358 633 1410 gatorio
667 1358 815 1397 subter
848 1367 1005 1397 terram
1047 1370 1122 1396 nec
1156 1356 1346 1396 ascendit
1380 1357 1420 1395 in
1456 1356 1595 1395 celum
1634 1356 1790 1408 imper·
1813 1364 1848 1397 15

468 1429 619 1468 ciendo
678 1428 842 1480 premia
904 1428 1146 1479 beatorum,
1208 1440 1304 1466 cum
1362 1426 1446 1466 sint
1505 1426 1792 1466 insolubiliter

466 1499 664 1550 limitata,
719 1498 791 1537 sed
842 1506 1014 1550 oportet
1062 1497 1177 1551 quod
1231 1506 1373 1537 teneat
1421 1511 1463 1536 se
1509 1497 1700 1536 virtuose
1750 1497 1790 1536 in

469 1569 612 1608 medio
646 1582 775 1621 super
808 1577 980 1608 terram.
1018 1568 1069 1607 Et
1103 1576 1219 1620 patet
1244 1568 1359 1621 quod
1387 1568 1528 1607 minor
1550 1565 1792 1619 argumenti

470 1649 532 1679 est
576 1639 696 1691 falsa,
743 1652 842 1677 nam
891 1652 1001 1677 unus
1048 1647 1244 1690 apostata
1292 1646 1432 1690 potest
1464 1637 1717 1691 pretendere
1750 1650 1793 1675 se

471 1710 528 1748 sic
564 1709 728 1748 solvere
762 1709 827 1749 vel
861 1709 1006 1760 ligare,
1041 1709 1113 1747 sed
1148 1722 1233 1747 non
1266 1708 1415 1747 exhinc
1453 1707 1648 1760 sequitur
1678 1707 1793 1760 quod
1811 1726 1854 1747 20

471 1779 528 1818 sic
555 1779 665 1818 facit.
701 1779 801 1818 Ideo
826 1776 894 1832 (ut
917 1792 1014 1830 sepe
1042 1775 1146 1832 dixi)
1181 1787 1352 1830 oportet
1381 1778 1607 1817 dominum
1641 1790 1795 1830 papam

471 1864 618 1890 cavere
654 1851 704 1889 de
740 1850 879 1889 modis
914 1850 1172 1903 sophisticis.

207 1931 274 1959 The
295 1931 372 1959 head
395 1930 430 1970 of
529 1921 594 1960 Ad
636 1921 816 1960 tercium
859 1930 1165 1973 argumentum
1207 1919 1364 1958 dicitur
1403 1918 1520 1972 quod
1556 1918 1697 1957 minor
1736 1925 1797 1956 est

198 1966 443 2041 “mcffiiiissi'csws
473 1991 590 2043 falsa,
632 2004 729 2030 cum
770 1991 904 2031 deitas
944 1990 1120 2041 Christi,
1163 1990 1375 2042 scriptura
1419 2001 1534 2028 sacra
1569 1997 1610 2027 et
1649 1988 1798 2026 beatus

245 2038 384 2073 dmm&
474 2061 623 2101 Petrus
671 2062 804 2101 relicti
851 2070 950 2101 sunt
997 2062 1038 2100 in
1085 2061 1259 2100 ecclesia
1306 2059 1515 2098 militante
1563 2058 1613 2097 ad
1661 2058 1796 2110 ipsam
1815 2066 1855 2100 25

474 2132 756 2185 regulandum
812 2139 853 2171 et
905 2131 995 2171 eius
1051 2131 1179 2170 dubia
1229 2129 1529 2179 decidendum,
1584 2141 1667 2181 que
1720 2127 1798 2168 tria

475 2203 710 2242 secundum
759 2202 977 2254 singulum
1025 2215 1108 2240 non
1156 2210 1255 2240 sunt
1301 2199 1445 2239 vicarii
1493 2200 1627 2238 sancti
1671 2197 1798 2238 Petri.

475 2272 674 2312 Christus
709 2273 822 2312 enim
847 2273 886 2311 in
913 2272 1167 2311 ascensione
1193 2285 1268 2310 sua
1293 2269 1521 2322 dereliquit
1551 2268 1799 2308 humanitus

476 2343 677 2382 deitatem
713 2356 835 2383 suam
869 2343 909 2381 in
946 2342 1084 2392 terris,
1122 2342 1193 2380 sed
1231 2354 1314 2380 non
1350 2340 1506 2390 divisit,
1541 2352 1638 2378 cum
1673 2351 1800 2391 copu-

531 2475 551 2493 1.
574 2467 630 2495 Per
650 2467 766 2494 ostium
784 2466 960 2501 Christum
983 2466 1126 2494 conferas
1146 2466 1296 2494 Johannis
1312 2464 1348 2499 X,
1370 2473 1396 2500 7.
1436 2464 1457 2491 Β
1478 2465 1508 2492 in
1531 2471 1648 2499 marg:
1669 2462 1714 2490 Ex
1740 2462 1799 2490 hiis

476 2514 578 2541 verbis
604 2514 740 2541 innoscit
768 2514 836 2548 (sic)
865 2514 934 2550 quis
965 2514 1117 2542 dicendus
1147 2513 1185 2540 sit
1207 2512 1323 2540 Christi
1351 2512 1484 2539 vicarius
1511 2511 1687 2538 secundum
1713 2517 1797 2537 eum.

478 2562 505 2587 8.
520 2561 628 2588 eteius
644 2561 778 2589 vicariis.
792 2560 859 2588 Hoc
874 2562 944 2588 loco
961 2561 1078 2596 aliquot
1093 2561 1184 2588 verba
1195 2559 1346 2587 excidisse
1356 2559 1510 2586 videntur.
1585 2556 1611 2584 S.
1625 2556 1799 2589 addiscere;

478 2608 499 2635 B
522 2608 676 2636 addicere.
842 2614 880 2635 21.
903 2609 931 2635 A
953 2609 1008 2643 A,:
1033 2607 1103 2635 ldeo
1139 2623 1168 2627 —
1202 2606 1384 2642 sophisticis
1405 2605 1500 2633 deest.
1655 2603 1698 2631 23.
1719 2602 1748 2630 A
1771 2602 1800 2629 in

478 2663 594 2689 marg.:
627 2655 710 2682 Nota
742 2655 811 2689 quis
834 2655 923 2682 debet
955 2655 1049 2682 dubia
1081 2654 1209 2682 ecclesie
1241 2652 1403 2681 decidere?
1546 2658 1590 2687 27Δ
1622 2649 1801 2684 singulum;

478 2702 505 2728 Α
522 2701 560 2728 B:
583 2702 709 2736 singlm.
855 2701 901 2729 28.
925 2702 944 2728 Β
963 2702 991 2729 in
1009 2709 1123 2736 marg:
1147 2700 1291 2729 Christus
1313 2700 1342 2727 in
1365 2707 1421 2727 sua
1437 2698 1618 2726 ascensione
1640 2695 1802 2732 dereliquit

480 2748 661 2775 humanitus
683 2750 829 2776 deitatem
850 2756 939 2775 suam
963 2748 1097 2775 interris
1118 2747 1171 2775 sed
1194 2755 1255 2774 non
1278 2746 1392 2774 divisit.

541 2844 568 2876 5.
596 2844 648 2876 Cf.
675 2855 753 2888 pag.
800 2844 875 2883 556,
920 2854 971 2876 22.
1120 2853 1169 2875 11.
1198 2842 1334 2874 Decreti
1362 2842 1477 2885 prima
1503 2851 1594 2884 pars,
1621 2841 1699 2873 dist.
1727 2841 1799 2881 XL,

481 2913 578 2945 capp.
610 2903 651 2934 x'l
681 2910 712 2934 et
741 2903 810 2934 VII.
957 2902 1007 2934 23.
1036 2902 1211 2944 Compare
1239 2911 1317 2944 pag.
1348 2900 1423 2941 556,
1453 2901 1506 2933 30.
