2045 3312
249 273 339 302 CAP-
366 263 455 323 VH]
766 282 825 314 DE
852 280 1089 315 ECCLESIA.
1782 269 1856 320 145

97 384 333 435 0148⁰Nec
388 382 498 425 valet
552 386 737 425 secundo
797 388 912 440 quod
967 387 1070 426 Joab
1134 385 1346 426 commisit
1400 395 1859 461 peccata2kh1essetfflsetchage

247 455 400 507 gravia,
446 470 526 510 que
565 455 661 509 plus
705 457 934 496 movebant
979 470 1109 510 quam
1152 456 1336 510 suspicio
1382 457 1432 496 de
1477 472 1681 530 per-ssame
1701 469 1841 508 grounds

245 525 488 565 turbacione
532 525 683 580 futura,
727 535 819 567 tum
868 526 965 581 quia
1009 526 1066 566 sic
1105 535 1166 566 est
1204 526 1246 565 in
1285 541 1383 567 casu
1421 537 1567 569 nostro
1596 511 1632 531 or
1652 508 1808 566 assffsss
1828 511 1858 531 m

245 595 295 633 de
347 596 526 649 superba
578 610 726 636 eorum
778 597 1080 650 inobediencia‚
1135 605 1228 636 tum
1280 598 1412 638 eciam
1470 598 1569 652 quia

211 673 406 705 5certum
453 665 618 706 videtur
662 681 710 706 ex
752 676 869 707 textu
915 670 1031 722 quod
1069 669 1198 709 timor
1235 668 1568 723 perturbacionis

244 735 359 788 regni
399 735 640 776 Salomonis
685 736 764 777 fuit
802 751 926 778 causa
963 738 1181 779 occidendi
1219 740 1321 779 Joab
1354 739 1566 793 precipua,

245 805 342 858 quia
386 805 595 859 ignoravit
637 807 669 847 si
715 808 855 862 priora
894 809 1066 850 crimina
1110 810 1193 850 sint
1236 810 1427 862 dimissa3
1470 810 1566 850 ideo

241 874 414 928 punicio
431 885 629 930 quattuor
644 892 923 931 personarum
938 880 989 920 de
1004 880 1157 934 quibus
1173 880 1229 920 ibi
1246 880 1293 921 fit
1310 880 1471 920 mentio
1489 880 1568 921 fuit

242 945 439 1000 precipue
470 947 522 986 ad
555 948 864 1001 pacificandum
892 949 935 989 in
973 959 1191 1004 posterum
1219 964 1398 1005 regnum
1426 965 1566 991 suum.

187 1033 227 1054 10
299 1017 387 1057 Nec
418 1018 528 1057 valet
558 1018 685 1059 tercio
710 1019 844 1060 dicere
878 1021 994 1075 quod
1027 1030 1313 1075 expectaretur
1342 1035 1567 1076 quousque
1599 1029 1846 1094 {invisituffiiiie

241 1087 417 1140 probata
440 1086 564 1128 fuerit
585 1089 702 1142 regni
724 1091 992 1144 perturbacio
1016 1092 1099 1131 sive
1134 1092 1336 1146 prodicio,
1371 1093 1469 1147 quia
1497 1093 1566 1132 illa
1579 1102 1855 1164 treasolrietigdcom-

240 1157 440 1210 probacio
474 1157 581 1199 foret
613 1160 738 1200 nimis
763 1161 924 1201 diutina
947 1171 1093 1202 contra
1120 1163 1395 1216 prudenciam
1418 1177 1563 1217 preca·
1662 1145 1679 1171 p
1768 1158 1775 1166 ⁸

239 1228 363 1267 vendi
396 1242 526 1283 regno
554 1230 759 1284 pericula3
793 1232 864 1272 sed
896 1232 978 1272 hoc
1006 1232 1174 1273 videtur
1196 1234 1415 1286 probabile
1447 1234 1566 1288 quod

240 1310 326 1338 non
343 1298 382 1337 in
391 1298 562 1340 ferretur
580 1301 637 1340 eis
652 1301 755 1341 lesio
775 1303 1015 1356 corporalis,
1031 1312 1259 1358 antequam
1275 1304 1397 1357 culpa
1416 1317 1566 1344 eorum

186 1367 365 1408 15fuerit
395 1370 562 1411 notoria
593 1372 659 1411 vel
691 1374 927 1413 secundum
957 1374 1069 1427 leges
1092 1374 1224 1427 patrie
1256 1375 1432 1428 probata
1462 1374 1563 1427 legi-

239 1438 352 1480 time.
376 1440 504 1481 Aliud
538 1442 650 1481 enim
675 1451 736 1483 est
767 1444 998 1497 dampnare
1036 1444 1257 1485 hominem
1295 1446 1345 1485 de
1376 1454 1492 1485 reatu
1526 1453 1566 1485 et

238 1509 352 1549 aliud
402 1511 454 1550 ad
504 1512 681 1552 tutelam
731 1514 848 1567 regni
901 1528 1064 1555 servare
1108 1515 1252 1569 ipsum
1294 1515 1565 1557 vehementer

238 1589 484 1634 suspectum
515 1582 557 1621 in
591 1583 703 1623 salva
736 1585 939 1626 custodia.

298 1651 458 1700 Quarta
489 1651 640 1692 ficticia
673 1667 756 1707 qua
784 1655 934 1695 dicitur
956 1656 1234 1696 Salomonem
1265 1656 1308 1696 in
1341 1658 1563 1711 proposito
1578 1672 1626 1726 2³⁴3}
1645 1661 1853 1734 iSSoiliaerponv'gd

181 1736 222 1758 20
238 1720 378 1761 illicite
409 1721 615 1763 iudicasse
651 1737 738 1764 non
768 1724 894 1766 habet
917 1727 1114 1777 colorem,
1150 1741 1247 1767 cum
1278 1727 1336 1766 sic
1360 1727 1565 1768 diceretur
1604 1734 1644 1770 by
1664 1734 1835 1770 Scriptum.

238 1791 288 1830 de
321 1805 448 1845 opere
492 1793 682 1847 legitimo
715 1795 897 1836 aliorum
942 1811 1050 1850 quos
1083 1797 1304 1851 sequimur
1337 1812 1385 1838 ex
1417 1808 1562 1839 aucto-

236 1861 356 1902 ritate
374 1863 588 1916 scripture.
614 1864 724 1905 Cum
747 1866 860 1906 enim
879 1867 1082 1920 scriptura
1105 1876 1272 1908 tantum
1291 1870 1563 1910 commendat

238 1931 494 1984 sapienciam
528 1948 646 1975 suam
678 1945 717 1975 et
746 1950 832 1976 non
860 1938 1056 1990 reprobat
1078 1939 1150 1978 sed
1173 1939 1397 1993 multiplici
1420 1940 1560 1980 muni-

238 2001 356 2042 cione
389 2005 596 2057 approbat
626 2005 734 2045 illud
780 2006 952 2059 factum,
998 2008 1164 2048 videtur
1215 2023 1264 2049 ex
1308 2009 1562 2050 sufficiencia

179 2087 220 2121 25
235 2072 439 2126 scripture
468 2075 586 2128 quod
618 2075 696 2116 fuit
727 2075 886 2117 factum
918 2078 1169 2132 legitimum.
1216 2079 1282 2120 Sic
1315 2080 1429 2120 enim
1461 2094 1560 2134 sup-

235 2152 403 2195 ponunt
420 2143 530 2198 leges
547 2145 732 2188 humane
754 2148 989 2189 bonitatem
1011 2163 1191 2203 persone
1214 2164 1440 2205 quousque
1462 2165 1560 2204 pro-

235 2212 355 2253 betur
369 2215 644 2270 contrarium3
667 2217 802 2258 immo
826 2233 974 2259 omnes
996 2219 1107 2274 leges
1123 2220 1307 2261 humane
1323 2222 1562 2275 approbant

235 2282 381 2324 iudicis
426 2285 631 2327 inferioris
675 2288 881 2329 iudicium
934 2304 1158 2345 quousque
1212 2291 1299 2331 eius
1352 2291 1561 2332 iniusticia

236 2354 522 2397 convincatur.

186 2437 220 2470 D
293 2425 488 2466 Secundo
512 2426 798 2482 principaliter
830 2429 1017 2483 arguitur
1049 2431 1105 2470 sic
1139 2432 1189 2470 ad
1213 2431 1350 2471 idem:
1384 2431 1559 2472 Videtur

235 2496 350 2548 quod
373 2496 550 2550 quilibet
571 2498 704 2552 legius
729 2499 862 2540 homo
891 2500 997 2554 regis
1021 2501 1172 2554 Anglie
1195 2510 1360 2542 tenetur
1392 2511 1559 2543 tantum

292 2654 313 2674 1.
333 2648 362 2675 A
382 2647 412 2675 in
433 2655 549 2684 marg:
570 2647 710 2677 Ficticia.
855 2658 885 2684 4.
906 2651 936 2678 A
955 2651 996 2678 B:
1017 2652 1175 2687 superbia.
1320 2651 1347 2680 6.
1369 2651 1392 2679 B
1413 2651 1443 2680 in
1459 2659 1556 2687 marg.

234 2701 315 2720 man.
337 2702 414 2722 rec.:
448 2695 577 2730 Absque
609 2697 765 2732 completa
794 2697 1037 2732 investigacione
1067 2698 1260 2733 suspicionis
1281 2704 1328 2726 est
1355 2698 1557 2726 occidendus.

234 2747 261 2775 7.
277 2740 303 2768 S.
326 2740 366 2768 B:
392 2742 466 2769 Ideo
487 2742 641 2777 punicior.
751 2751 793 2771 10.
819 2745 848 2771 A
874 2743 904 2771 in
925 2752 1042 2779 marg:
1063 2744 1204 2773 Ficticia.
1314 2752 1402 2773 11.12.
1434 2745 1475 2771 D:
1507 2746 1557 2773 illa

234 2787 368 2821 paracio.
511 2797 550 2817 12.
579 2790 620 2816 D:
649 2788 765 2817 diutina
795 2798 853 2826 que
884 2791 1060 2820 excluderet
1092 2792 1306 2827 prudenciam.
1450 2800 1490 2825 14.
1522 2793 1554 2819 In

235 2833 342 2861 codd.:
364 2834 570 2863 inferreretur.
714 2845 757 2873 19·
778 2838 807 2864 A
828 2838 857 2864 in
879 2846 991 2873 marg:
1015 2838 1150 2866 Ficticia.
1302 2846 1345 2867 22.
1366 2840 1394 2865 A
1415 2838 1454 2865 E:
1473 2844 1556 2866 tante

235 2882 442 2909 commendat.
542 2883 587 2910 26.
610 2882 652 2911 D:
674 2884 827 2911 bonitates
849 2892 983 2919 persone
1004 2894 1167 2922 quousque
1189 2887 1348 2921 probatur.
1448 2886 1493 2913 30.
1516 2886 1555 2912 ss:

235 2923 349 2953 Tercio
371 2928 592 2964 principaliter.
615 2931 642 2957 A
669 2930 698 2957 in
720 2939 835 2965 manant
858 2930 1001 2959 Secunda
1024 2933 1198 2968 responsio.

1399 2993 1438 3013 10
