2045 3312
295 253 384 281 CAP.
406 240 504 300 xlx]
786 254 844 285 DE
872 252 1106 286 ECCLESIA.
1822 235 1904 288 443

145 363 414 416 B180<³b0nis
458 362 543 401 Dei
586 360 801 414 operibus,
853 359 915 398 sic
959 364 1133 398 econtra
1179 357 1299 396 Deus
1344 356 1446 395 bene
1485 356 1619 395 utitur

296 433 420 472 malis
460 431 659 484 operibus
698 429 958 482 iniquorum.
992 428 1046 467 Et
1077 428 1278 480 ponendo
1312 427 1446 466 multa
1478 440 1616 465 exem-

294 503 364 556 pla
415 499 784 541 conclusionaliter
838 499 894 538 sic
948 496 1183 537 concludit:
1254 496 1461 536 Omnibus
1513 510 1618 550 ergo

295 574 412 613 bonis
446 572 541 621 Dei,
576 585 627 610 ne
662 584 746 624 per
776 569 954 623 singula
988 580 1167 608 currere
1200 568 1375 620 longum
1409 567 1475 618 sit,
1510 568 1620 606 male

262 644 431 685 §utitur
477 642 634 682 malus.
679 641 732 680 Et
775 639 871 678 hinc
919 652 1017 691 sepe
1062 637 1144 677 dixi
1190 639 1307 691 quod
1360 637 1539 677 existens
1577 637 1618 676 in

295 713 461 753 mortali
507 711 707 751 continue
751 709 937 750 abutitur
976 708 1099 748 bonis
1138 708 1229 759 Dei,
1275 717 1313 747 et
1357 721 1429 761 per
1472 721 1618 748 conse-

295 797 441 838 quens,
481 781 683 836 quicquid
716 780 772 820 sic
807 780 947 820 fecerit
985 788 1129 833 peccat
1161 778 1414 830 mortaliter3
1451 786 1621 817 econtra

295 855 345 894 de
378 852 516 893 malis:
570 852 696 892 malis
740 851 971 899 malorum,
1019 849 1160 903 inquit
1192 849 1472 902 AugustinuS,
1518 849 1621 888 bene

297 925 430 964 utitur
470 923 616 962 bonus.
662 921 717 961 Et
751 921 853 974 quid
885 928 968 960 tam
1003 921 1175 967 bonum,
1211 927 1256 959 ut
1288 921 1423 968 Deus,
1457 919 1507 958 de
1539 932 1620 971 quo

243 995 441 1035 10Marci
471 993 546 1041 XO,
582 990 636 1031 Ιώ)
666 992 839 1032 dicitur:
866 991 1000 1031 Nemo
1033 991 1169 1030 bonus
1205 990 1285 1030 nisi
1315 990 1435 1030 solus
1469 989 1622 1029 Deus?

301 1066 470 1113 Quanto
516 1077 620 1117 ergo
665 1064 736 1103 ille
781 1062 931 1102 melior
963 1068 1081 1101 tanto
1120 1061 1273 1101 melius
1324 1061 1458 1100 utitur
1496 1062 1621 1100 malis

298 1136 466 1175 nostris.
519 1134 631 1183 Quid
674 1132 783 1173 Iuda
821 1133 947 1186 peius
981 1132 1091 1171 inter
1129 1132 1343 1184 apostolos
1389 1132 1457 1170 cui
1496 1132 1623 1171 loculi

299 1206 514 1246 commissi
556 1211 658 1245 sunt
702 1211 740 1244 et
784 1203 1051 1256 dispensacio
1077 1215 1325 1255 pauperum
1365 1201 1625 1241 distributa?

299 1277 382 1316 Sed
427 1276 526 1329 quia
571 1276 771 1328 ingratus
805 1280 922 1313 tanto
955 1273 1152 1327 beneficio
1186 1279 1224 1312 et
1262 1272 1415 1312 honori
1463 1272 1625 1325 accepit

244 1347 539 1401 15peczmiam,
556 1345 745 1398 perdidit
776 1344 1011 1384 iusticiam:
1037 1350 1234 1383 mortuus
1268 1342 1444 1382 tradidit
1475 1343 1626 1391 vitarim

297 1430 421 1470 quem
470 1423 515 1456 ut
558 1416 794 1468 discipulus
838 1420 1027 1465 secutus,
1068 1420 1113 1452 ut
1145 1414 1341 1453 inimicus
1367 1420 1624 1466 persecutus

299 1494 384 1536 est;
418 1493 500 1526 toto
533 1487 610 1525 hoc
643 1486 756 1525 malo
784 1485 889 1525 Inde
922 1485 1025 1524 bene
1060 1497 1164 1523 usus
1198 1490 1259 1523 est
1292 1483 1504 1534 dominus,
1528 1496 1622 1522 cum

292 1557 543 1611 prodicione
594 1557 683 1596 eius
731 1555 997 1608 dampnabili
1042 1568 1118 1594 nos
1171 1554 1359 1594 redemit.
1407 1554 1473 1593 Sic
1526 1567 1624 1607 ergo

301 1627 448 1667 habuit
493 1628 615 1667 Iudas
653 1625 846 1666 officium
890 1625 931 1664 in
977 1624 1163 1676 ecclesia,
1198 1638 1286 1664 non
1319 1625 1370 1664 de
1402 1624 1485 1675 illa,
1520 1624 1626 1664 sicut

245 1706 461 1738 2ostercus
522 1707 561 1737 et
619 1705 884 1750 apostemata
944 1695 1099 1735 habent
1150 1694 1291 1735 officia
1341 1694 1382 1733 in
1434 1694 1625 1734 humano

302 1782 490 1821 corpore,
516 1781 602 1807 non
625 1768 674 1806 de
698 1767 782 1807 illo.
817 1766 962 1815 Modo,
996 1764 1134 1819 inquit
1156 1765 1435 1819 Augustinus,
1470 1779 1624 1818 corpus

305 1838 462 1878 Christi
494 1838 672 1878 mixtum
710 1844 771 1876 est
815 1844 1033 1889 tamquam
1080 1846 1207 1884 area,·
1249 1835 1324 1875 sed
1362 1837 1473 1875 novit
1505 1836 1625 1876 Deus

302 1909 375 1961 qui
416 1915 518 1948 sunt
561 1908 664 1957 eius,
698 1908 808 1947 sicut
846 1914 889 1946 tu
935 1907 1044 1946 nosti
1075 1906 1176 1959 quid
1208 1906 1401 1953 trituras,
1435 1907 1534 1959 quia
1573 1907 1627 1946 ibi

302 1986 364 2019 est
397 1980 532 2018 latens
572 1991 730 2028 massa,
771 1990 845 2016 nec
883 1977 1094 2016 consumit
1126 1977 1348 2016 trituracio
1381 1976 1493 2030 qzcod
1516 1989 1626 2029 pur-

247 2054 285 2087 25
301 2057 462 2104 gatura
496 2055 558 2088 est
587 2048 822 2088 ventilacio.

256 2125 287 2158 C
361 2120 442 2160 Sed
501 2118 724 2158 difficultas
783 2127 844 2158 est
896 2127 1041 2158 utrum
1093 2117 1195 2156 tales
1247 2117 1412 2170 presciti
1471 2117 1725 2166 habent-The
1746 2127 1898 2163 difficulty

303 2198 554 2230 caracterem
582 2189 755 2241 ordinis,
779 2197 923 2228 utrum
956 2188 1038 2228 sint
1070 2189 1305 2228 sacerdotes
1340 2187 1527 2240 episcopi
1559 2188 1625 2226 vel
1640 2162 1916 2247 iffigilssgilvigriitiiree

303 2260 461 2314 prelati.
497 2260 651 2309 Quoad
690 2259 878 2312 primum
911 2268 971 2298 est
1004 2258 1209 2298 dissensio
1242 2257 1349 2297 inter
1382 2258 1541 2297 multos
1575 2259 1624 2296 de
1670 2237 1829 2302 (caiiiiiiefr')
1851 2268 1886 2296 of

304 2331 507 2384 quiditate
559 2329 786 2370 caracteris.
832 2329 977 2383 Aliqui
1031 2329 1144 2369 enim
1197 2328 1343 2369 dicunt
1395 2328 1514 2381 quod
1566 2337 1626 2367 est
1717 2304 1837 2331 orders.

248 2405 289 2438 30
305 2401 482 2455 qualitas
530 2401 579 2440 de
625 2400 807 2439 secunda
852 2399 988 2452 specie
1033 2399 1244 2453 qualitatis
1289 2398 1395 2438 sicut
1427 2398 1626 2437 naturalis

305 2470 511 2524 potencia.
552 2470 636 2510 Alii
674 2479 816 2510 autem
856 2469 1002 2509 dicunt
1034 2470 1150 2523 quod
1184 2483 1271 2508 non
1305 2478 1367 2509 est
1399 2482 1471 2521 per
1502 2482 1545 2507 se
1582 2468 1625 2506 in

304 2555 453 2594 genere
485 2541 557 2581 sed
589 2555 663 2594 per
695 2540 1008 2592 reduccionem‚
1041 2540 1149 2580 sicut
1171 2540 1247 2579 alie
1269 2539 1461 2579 veritates
1487 2538 1623 2578 consi-

304 2611 424 2652 miles
469 2620 581 2652 extra
624 2625 771 2665 genus,
815 2611 871 2651 ita
916 2611 1033 2664 quod
1081 2620 1260 2650 caracter
1304 2609 1356 2650 sit
1401 2608 1624 2662 deputacio

357 2769 384 2797 7.
409 2760 439 2788 8.
468 2760 507 2788 B:
528 2765 636 2788 contra
656 2760 693 2788 de
715 2760 815 2788 bonis.
959 2768 993 2788 11.
1014 2761 1043 2788 A
1062 2762 1119 2796 Al:
1141 2760 1192 2788 ille
1212 2760 1307 2788 deest.
1451 2767 1493 2792 14.
1515 2759 1543 2785 A
1565 2759 1623 2792 Al:

305 2808 359 2836 sed
376 2808 470 2844 quod.
583 2815 626 2835 22.
649 2808 683 2835 In
695 2811 780 2834 textu
795 2808 896 2841 Aug:
918 2812 1078 2842 tamquam
1100 2808 1129 2835 in
1151 2815 1232 2835 area.
1346 2806 1394 2834 26.
1415 2806 1443 2833 A
1459 2805 1489 2832 in
1505 2812 1622 2839 marg.:

305 2855 417 2883 Utrum
448 2856 572 2890 presciti
603 2854 716 2882 habent
742 2859 929 2882 caracterem
957 2854 1078 2882 ordinis
1107 2854 1224 2888 (Below
1245 2852 1313 2888 189‹¹
1333 2853 1465 2880 without
1486 2852 1572 2879 mark
1593 2851 1627 2879 of

307 2900 484 2937 reference).
575 2909 620 2938 27.
642 2903 686 2930 A:
709 2906 813 2930 utrum
835 2901 882 2929 sit.
971 2899 1014 2929 33.
1035 2901 1063 2929 A
1084 2900 1105 2928 B
1127 2900 1157 2929 in
1178 2908 1293 2936 marg:
1315 2899 1388 2937 quid
1411 2903 1455 2926 est
1475 2902 1622 2926 caracter.
