2045 3312
281 275 373 305 CAP.
393 266 475 325 xx]
794 279 853 312 DE
881 278 1120 312 ECCLESIA.

126 395 351 440 H194dsue
396 385 588 439 potencie
633 384 914 438 promerendi.
977 385 1030 424 Et
1077 383 1239 423 utinam
1291 397 1377 423 non
1426 391 1597 436 propter

277 456 421 496 ocium
463 455 546 495 sive
592 454 844 495 demeritum
885 454 1006 494 vinea
1050 453 1127 494 ista
1168 462 1348 493 transeat
1380 453 1420 492 in
1455 462 1597 493 ortum

276 526 455 566 olerum.
501 526 622 566 Unde
662 524 758 579 quia
803 538 899 578 ager
940 524 1016 564 iste
1060 524 1102 563 in
1147 524 1313 563 racione
1359 523 1523 564 colendi
1558 533 1597 563 et

276 595 521 650 possidendi
555 594 726 648 requirit
764 594 951 634 laborem
991 593 1219 634 sollicitum
1259 602 1299 633 et
1337 593 1595 642 ordinatum,

235 666 370 710 6ideo
418 675 533 705 sexto
578 664 771 705 subditur
814 665 863 703 de
908 664 1082 704 muliere
1122 663 1216 703 forti
1250 664 1434 717 predicta
1478 665 1595 717 quod

275 737 461 776 accinxit
470 735 735 790 fortitudine
759 734 923 774 lumbos
946 747 1047 774 suos
1071 741 1111 774 et
1132 734 1350 774 roboravit
1372 734 1595 774 brachium

274 820 414 847 suum.
469 807 576 846 Nam
620 805 769 845 ancilla
811 814 1009 858 apparate
1056 804 1236 845 serviens
1281 813 1398 845 tanto
1439 817 1597 857 sponso

277 878 432 916 nedum
468 876 631 929 stringit
664 875 848 915 carnales
872 874 1241 927 concupiscencias
1275 888 1382 914 zona
1414 874 1597 927 precepti

277 948 491 999 dominici,
525 948 596 987 sed
630 956 778 987 cuncta
814 960 940 1000 opera
975 960 1049 986 sua
1082 945 1179 985 facit
1201 946 1252 984 ad
1274 945 1464 998 regulam
1494 945 1599 985 inter

222 1039 260 1060 10
277 1018 616 1058 habundanciam
640 1026 679 1057 et
703 1016 928 1069 defectum,
962 1030 1013 1056 ne
1037 1015 1305 1070 spiritualiter
1343 1015 1600 1055 adulteretur

276 1103 373 1129 cum
406 1088 495 1128 viro
533 1088 629 1139 alio,
677 1088 733 1127 sic
768 1088 882 1141 quod
916 1088 965 1126 ad
1001 1101 1129 1127 omne
1162 1101 1273 1140 opus
1305 1086 1518 1139 agendum
1558 1086 1599 1124 in

183 1168 260 1211 195²
275 1173 374 1212 agro
408 1158 623 1198 dominico
646 1157 671 1186 ³3²
694 1157 744 1197 sit
766 1167 930 1211 parata,
973 1167 1012 1197 et
1043 1158 1094 1196 ad
1127 1157 1205 1197 ista
1236 1156 1459 1211 requiritur
1483 1156 1598 1196 forti-

275 1230 379 1268 tudo
432 1228 647 1268 resistendi
703 1237 742 1268 et
794 1227 1032 1281 prevalendi
1094 1227 1254 1267 cunctis
1313 1226 1598 1280 spiritualibus

275 1299 464 1338 inimicis.
510 1300 563 1338 Et
608 1298 772 1338 videtur
815 1312 936 1352 posse
988 1297 1161 1351 intelligi
1215 1297 1255 1336 in
1309 1297 1598 1351 predicacione

222 1371 511 1413 15secundum
543 1383 713 1409 causam
745 1382 818 1422 per
850 1382 998 1421 agrum
1027 1367 1261 1421 predictum
1297 1366 1439 1420 ipsum
1473 1375 1599 1419 caput

276 1439 460 1491 ecclesie,
501 1439 619 1479 cuius
653 1438 978 1492 participacione
1012 1451 1159 1478 omnes
1192 1437 1463 1490 predestinati
1502 1445 1600 1477 sunt

275 1522 453 1563 regnum
498 1510 707 1561 celorum;
752 1509 824 1563 qui
870 1509 966 1548 licet
1010 1508 1092 1547 sint
1124 1508 1359 1548 secundum
1404 1516 1600 1548 naturam

274 1579 501 1631 sensibiles,
535 1579 646 1619 racio
679 1588 819 1619 tamen
854 1593 937 1633 qua
969 1587 1067 1619 sunt
1099 1578 1270 1618 ecclesia
1303 1586 1342 1617 et
1373 1577 1415 1616 in
1448 1586 1597 1631 poten-

274 1649 335 1689 cia
387 1649 679 1689 beatificabiles
734 1658 795 1690 est
859 1648 1122 1690 insensibilis.
1184 1649 1248 1688 Ad
1308 1648 1599 1688 reducendum

218 1742 259 1764 20
274 1720 515 1772 potenciam
554 1721 675 1760 istam
714 1722 763 1760 ad
807 1729 948 1760 actum
981 1719 1205 1773 requiritur
1243 1718 1362 1758 labor
1393 1717 1598 1769 assiduus,

275 1798 313 1828 et
360 1789 462 1829 illud
496 1789 741 1830 exercicium
789 1789 983 1829 fortificat
1022 1788 1261 1842 potenciam
1295 1788 1518 1841 operandi;
1560 1797 1600 1828 et

274 1859 368 1899 ideo
402 1859 613 1913 signanter
645 1859 796 1899 dicitur
828 1860 945 1913 quod
977 1859 1190 1898 roboravit
1212 1858 1433 1898 brachium
1456 1872 1596 1909 suurn,

275 1943 349 1968 nec
383 1939 445 1969 est
475 1929 553 1969 ista
585 1929 830 1969 exercitacio
864 1929 1045 1968 nimium
1077 1929 1252 1968 tediosa.

194 2013 212 2045 1
238 2013 260 2047 7
332 2000 430 2039 Ideo
463 1999 644 2052 septimo
679 1999 888 2039 subditur:
929 1999 1122 2039 Gustavit
1144 2005 1184 2038 et
1218 1998 1322 2038 vidit
1351 1999 1453 2052 quia
1488 1998 1597 2038 hona

219 2082 258 2115 25
277 2076 336 2109 est
369 2070 615 2123 negociacio
639 2070 753 2120 eius‚·
775 2082 859 2109 non
883 2070 1166 2123 extinguetur
1198 2069 1239 2108 in
1274 2075 1393 2108 nocte
1417 2069 1595 2108 lucerna

276 2140 379 2179 eius.
433 2139 611 2192 Quibus,
658 2139 795 2193 inquit
840 2139 1116 2193 Augustinus,
1161 2146 1223 2179 est
1264 2139 1464 2192 palatum
1518 2152 1599 2192 quo

274 2216 478 2263 gustatur
522 2210 578 2250 sic
622 2210 937 2250 indulcoratum
990 2209 1266 2261 terrestribus,
1320 2218 1366 2249 ut
1410 2209 1600 2249 videatur

276 2280 463 2319 laborem
507 2293 582 2333 pro
628 2279 885 2320 beatitudine
931 2293 1019 2319 esse
1066 2293 1262 2319 amarum
1300 2279 1370 2332 eis,
1411 2292 1496 2318 non
1538 2287 1600 2319 est

277 2350 412 2389 celum
463 2364 618 2390 carum.
672 2349 888 2389 Rectificat
926 2359 1069 2389 autem
1107 2358 1280 2402 gustum
1319 2349 1458 2389 anime
1497 2362 1597 2388 con-

220 2431 261 2463 30
277 2419 453 2459 sciencia
485 2420 609 2471 bona,
643 2433 724 2473 que
753 2420 785 2458 si
819 2419 1021 2473 pungitur
1042 2428 1215 2473 peccato
1238 2433 1378 2459 amara
1406 2418 1602 2458 videntur

277 2489 421 2529 omnia
465 2489 619 2543 quibus
663 2489 803 2529 anima
846 2489 1084 2529 nutriretur.
1146 2490 1240 2538 Que
1286 2502 1385 2542 ergo
1425 2488 1602 2528 dulciter

328 2656 353 2675 2.
375 2649 414 2676 Bt
435 2649 527 2677 vinea
548 2654 603 2676 est.
749 2657 790 2676 10.
811 2648 850 2676 B:
884 2656 979 2684 super
1007 2649 1272 2677 habundanciam.
1311 2648 1348 2676 Et
1377 2648 1545 2684 sequencia
1570 2648 1598 2675 in

277 2703 422 2723 sermone
453 2695 597 2723 XXXVII
631 2695 800 2731 Augustini
830 2696 867 2722 de
899 2696 1044 2724 Proverb.
1072 2703 1139 2731 cap.
1178 2695 1277 2723 XXXI
1316 2695 1443 2722 mutatis
1480 2695 1600 2730 aliquot

278 2743 378 2770 verbis
399 2743 547 2770 invenies.
693 2742 730 2769 15.
753 2741 870 2770 Codd.:
895 2750 948 2777 per
968 2742 1097 2770 dictum.
1261 2750 1302 2777 ¹9·
1324 2741 1364 2768 B:
1386 2740 1598 2769 verificabiles.

275 2789 323 2817 30.
344 2788 373 2815 A
392 2790 450 2823 Al:
473 2789 591 2824 pungit.

337 2910 365 2942 5.
393 2908 443 2940 Cf.
474 2909 562 2950 Aug.
590 2909 609 2938 l.
638 2918 667 2939 c.
694 2918 773 2950 pag.
815 2908 886 2940 185.

1440 2965 1476 2997 31

1800 263 1879 317 481

1671 738 1766 766 Verso
1789 746 1828 773 17.

1641 773 1709 801 The
1730 773 1853 801 Church

1679 809 1818 844 requires

1654 845 1790 879 strength
1811 848 1843 870 to

1636 879 1771 907 contend
1792 878 1864 906 with

1677 913 1816 949 spiritual

1676 948 1825 976 enemies.

1673 2010 1769 2038 Verse
1792 2009 1833 2038 18.

1643 2044 1712 2072 The
1733 2051 1811 2073 taste
1833 2045 1859 2072 is

1636 2081 1766 2116 purified
1789 2081 1829 2117 by
1848 2089 1863 2108 a

1663 2116 1745 2150 good
1768 2123 1841 2143 con-

1680 2151 1816 2178 science.
