2045 3312
152 280 233 307 220
875 278 1101 310 JOIIANle
1128 279 1322 311 WYcfflF.
1591 266 1698 324 [eff.
1720 279 1758 307 x.

438 386 541 424 illud
589 395 755 439 sonant,
789 395 879 426 tum
915 385 1045 425 eciam
1091 385 1190 438 quia
1222 385 1340 425 aliter
1371 386 1478 426 foret
1510 386 1635 426 nimis
1668 401 1756 427 sus·
1779 399 1910 444 159¹1M

438 465 625 509 pectum,
671 458 864 511 negando
907 456 1037 510 laycis
1084 457 1449 510 complementum
1504 457 1664 498 iusticie
1721 468 1760 499 et

438 526 631 567 faciendo
676 528 787 567 clero
831 527 1055 567 iusticiam.
1102 528 1184 568 Sed
1227 536 1328 568 tunc
1374 528 1577 582 sequitur,
1622 528 1760 582 primo

437 598 555 650 quod
607 611 676 638 rex
733 597 806 651 qui
858 597 999 650 potuit
1057 598 1287 637 concedere
1346 607 1391 638 ut
1456 598 1759 638 sceleratissimi

438 667 633 707 homines
676 668 717 706 in
763 677 1016 720 perpetuum
1064 668 1215 708 iniuste
1249 668 1462 708 detineant
1492 668 1688 722 reliquias
1722 678 1794 713 et5

439 752 691 792 quecunque
739 738 851 777 bona
894 737 1096 777 immunis
1141 738 1310 778 ecclesie
1348 748 1491 792 posset
1535 739 1762 780 concedere

439 818 484 848 ut
527 808 623 848 iusti
669 808 860 847 auferant
903 808 1155 861 temporalia
1188 809 1238 848 ab
1273 809 1445 848 ecclesia
1477 809 1760 863 delinquente.

437 881 547 920 Nam
584 893 656 932 per
689 893 730 918 se
763 887 916 918 notum
938 888 998 919 est
1030 880 1148 932 quod
1169 878 1238 918 ille
1268 879 1339 933 qui
1365 888 1505 933 potest
1533 881 1761 920 concedere

438 949 572 1002 magis
617 949 865 1001 elongatum
896 963 919 988 a
952 949 1173 989 communi
1217 949 1306 989 iure
1347 958 1488 1003 potest
1532 951 1760 990 concedere

439 1019 748 1059 consonancius
787 1019 865 1059 iuri
910 1019 999 1058 Dei.
1045 1020 1098 1059 Et
1144 1018 1296 1059 iterum
1339 1029 1492 1060 notum
1539 1030 1600 1060 est
1643 1022 1818 1074 quodio

438 1091 574 1130 maius
599 1099 817 1143 peccatum
844 1089 952 1130 foret
983 1089 1150 1140 iniuste,
1179 1089 1446 1143 pertinaciter
1479 1099 1518 1130 et
1550 1091 1759 1132 obstinate

437 1161 621 1201 detinere
666 1174 756 1200 rem
800 1160 995 1211 alienam,
1042 1173 1171 1213 quam
1225 1159 1331 1200 foret
1381 1159 1537 1200 iniusta
1583 1161 1758 1212 ablacio‚

437 1231 534 1285 quia
566 1245 642 1284 pro
665 1231 805 1284 primo
830 1239 891 1270 est
923 1230 1058 1270 homo
1082 1230 1516 1271 excommunicandus
1539 1240 1760 1286 tamquam

435 1302 658 1353 hereticus,
695 1311 735 1342 et
766 1315 844 1354 pro
869 1302 1057 1340 secundo
1082 1314 1183 1353 non,
1216 1300 1295 1340 nisi
1329 1300 1493 1341 affuerit
1530 1311 1760 1342 contumax

437 1373 682 1423 obstinacia,
726 1381 771 1411 ut
816 1380 1021 1411 noverant
1054 1371 1213 1424 legiste.
1248 1371 1346 1411 Ideo
1380 1385 1466 1411 non
1499 1372 1693 1424 dubium,
1726 1373 1758 1412 si
1779 1383 1816 1415 13

437 1457 503 1483 rex
550 1452 689 1496 potest
742 1442 971 1481 concedere
1015 1441 1282 1494 privilegium
1332 1451 1379 1481 ut
1422 1442 1598 1495 quilibet
1644 1443 1759 1496 regni

437 1512 499 1552 sui
533 1513 683 1552 habeat
714 1512 951 1551 libertatem
983 1512 1034 1550 ad
1069 1521 1275 1564 perpetuo
1299 1512 1576 1551 detinendum
1607 1512 1758 1552 iniuste

437 1583 574 1622 ablata
618 1583 668 1622 de
713 1592 856 1621 sancta
900 1591 1032 1621 matre
1065 1581 1251 1632 ecclesia,
1285 1582 1423 1621 multo
1456 1582 1588 1634 magis
1622 1592 1760 1635 potest

438 1654 666 1693 concedere
698 1652 931 1703 licenciam,
965 1662 1012 1692 ut
1045 1652 1141 1692 iusti
1174 1651 1365 1691 auferant
1388 1652 1641 1692 elemosinas
1664 1667 1758 1693 suas

437 1724 591 1778 quibus
625 1723 864 1763 fraudantes
896 1735 1075 1776 regnum
1109 1731 1148 1762 et
1180 1731 1368 1762 sanctam
1398 1732 1577 1762 matrem
1593 1723 1613 1747 ²5³
1629 1725 1758 1763 eccle·
1780 1733 1855 1776 ¹59⁶

437 1794 541 1833 siam
575 1794 820 1833 abutuntur.
852 1793 975 1833 Unde
1008 1792 1294 1833 inconsonum
1327 1792 1484 1833 facturn
1517 1803 1578 1833 est
1611 1803 1650 1833 et
1681 1794 1758 1833 sibi

435 1864 513 1917 ipsi
537 1864 795 1904 contrarium
818 1872 905 1903 tam
929 1862 1134 1903 ferventer
1166 1862 1388 1903 defendere
1411 1863 1514 1903 illud
1538 1873 1757 1917 tamquam

436 1934 702 1988 privilegium
748 1933 1004 1974 catholicum
1050 1942 1090 1973 et
1134 1933 1294 1973 solicite
1338 1933 1539 1984 laborare,
1586 1935 1758 1987 quando

436 2005 623 2045 raciones
668 2004 882 2056 deficiunt,
926 2004 978 2043 ad
1023 2004 1348 2056 dampnandum
1393 2004 1506 2043 aliud
1539 2013 1758 2057 tamquam

436 2075 679 2116 hereticum.
1775 2083 1815 2114 2'3

167 2148 226 2176 We
249 2150 396 2176 mannam
495 2146 585 2198 Ego
618 2154 761 2184 autem
784 2144 878 2184 dico
903 2143 1214 2183 consonancius
1246 2157 1322 2196 pro
1356 2143 1585 2196 privilegiis
1618 2151 1808 2184 sancteN

207 2194 214 2211 a
300 2194 304 2200 ·
333 2185 353 2211 ς’
382 2192 398 2204 (’

163 2185 402 2253 ἐξῃὶξῑὲιῑημίιγιέἶ
436 2215 579 2254 matris
603 2214 773 2254 ecclesie
796 2214 912 2267 quod
936 2228 1005 2253 rex
1028 2227 1115 2253 non
1139 2223 1278 2266 potest
1300 2214 1499 2267 cuiquam
1530 2214 1757 2253 concedere

146 2255 420 2359 ρῃζὲῑῐιζῑῖιΐὲἔέξῖῑξοϋ
436 2284 673 2324 libertatem
697 2285 747 2323 ad
771 2284 954 2323 violente
987 2283 1265 2323 auferendum
1289 2293 1328 2323 et
1350 2284 1487 2323 multo
1518 2284 1758 2323 evidencius

279 2353 289 2359 '⁷
358 2356 361 2358 ’
437 2355 488 2394 ad
523 2355 675 2394 iniuste
705 2354 982 2394 detinendum
1015 2354 1188 2407 aliquod
1222 2354 1385 2393 bonum
1417 2355 1467 2393 de
1500 2368 1758 2408 quocunque

436 2425 630 2464 membro
677 2425 860 2475 ecclesie,
906 2424 984 2463 nisi
1018 2424 1132 2477 prius
1165 2425 1396 2477 peccaverit
1427 2424 1508 2464 hoc
1540 2425 1755 2464 merendo.
1775 2432 1816 2464 30

438 2496 523 2535 Nec
548 2504 608 2535 est
623 2495 687 2535 hic
712 2495 949 2548 sophisma:
966 2496 1052 2534 Rex
1077 2494 1269 2534 concedit
1291 2494 1483 2534 malefico
1506 2495 1756 2545 libertatem,

437 2575 483 2605 ut
515 2579 603 2604 non
644 2566 844 2618 puniatur
877 2575 917 2605 et
950 2575 996 2605 ut
1029 2575 1196 2605 maneat
1227 2565 1268 2604 in
1303 2574 1557 2618 perpetuum
1590 2565 1756 2604 inaccu-

436 2647 551 2678 satus
584 2638 634 2678 de
667 2636 855 2687 crimine,
896 2637 967 2676 sed
1001 2650 1088 2675 non
1122 2635 1315 2675 concedit
1347 2635 1423 2674 sibi
1456 2635 1674 2676 licenciam
1706 2635 1757 2673 ad

436 2708 701 2762 peccandum
733 2708 798 2747 vel
833 2707 1033 2761 cuiquam
1066 2706 1373 2758 iniuriandum3
1407 2719 1507 2745 nam
1540 2706 1758 2746 licenciare

489 2880 514 2907 3.
537 2881 564 2907 Α
586 2881 614 2907 in
636 2887 750 2914 marg.:
773 2880 857 2906 Bona
878 2879 971 2906 racio.
1093 2879 1128 2907 15.
1150 2880 1191 2914 Al
1211 2878 1362 2907 correxit:
1385 2883 1546 2905 noverunt.
1663 2886 1709 2913 27.
1731 2879 1756 2905 Α

437 2928 466 2954 iii
489 2935 604 2961 marg:
627 2925 807 2954 Conclusio.
