2045 3312
158 281 232 332 ¹48
858 289 1082 322 JOHANNIS
1109 288 1307 322 wchF.
1574 271 1682 330 [CAP.
1705 280 1778 309 vn.

151 403 267 466 Sfflsssa
282 403 430 473 gssitvilgzge
446 394 636 434 culariter
681 395 949 449 explicatum.
1000 395 1115 435 Cum
1147 408 1246 447 ergo
1279 406 1365 432 non
1400 391 1451 431 sit
1483 391 1525 430 in
1558 398 1765 444 potestate
1788 398 1922 443 149¹*F

150 464 645 543 gleiffirnlplmtelffiigffgprincipis
690 467 918 506 concedere
962 465 1080 519 quod
1122 473 1308 518 vergeret
1351 464 1403 503 ad
1441 461 1516 501 Dei
1558 460 1769 512 iniuriam,

161 542 262 571 orme
283 549 416 581 grantes,
445 536 497 574 ad
529 535 865 576 destruccionem
896 535 1011 589 regni
1045 534 1122 586 sui,
1168 535 1219 574 ad
1259 533 1579 574 enervacionem
1619 530 1770 584 regalie

444 615 483 646 et
514 605 658 660 legum
690 619 764 660 per
796 619 900 659 quas
933 613 1091 659 regeret
1123 617 1302 658 regnum
1334 617 1475 654 suurn,
1506 610 1621 655 patet
1652 601 1770 655 quod

442 676 548 716 illud
593 676 866 730 suppositum
911 675 953 713 in
999 688 1096 714 casu
1129 674 1252 714 nobis
1286 673 1479 727 exposito
1513 686 1600 712 non
1633 671 1801 711 indu-5

444 747 556 787 ditur
601 746 644 786 in
688 747 762 786 iIIo
801 744 1022 799 privilegio
1064 744 1260 798 generali.
1315 743 1432 792 Quid
1475 756 1609 796 queso
1663 740 1770 780 foret

441 817 575 871 magis
619 818 671 856 ad
715 816 790 856 Dei
836 816 1034 855 iniuriam
1077 828 1206 869 quam
1252 813 1385 854 facere
1429 813 1610 852 domum
1648 825 1769 852 suam

179 896 287 924 orme
308 899 398 930 grant
442 887 690 940 speluncam
734 883 974 926 latronum?
1019 894 1092 926 aut
1136 885 1238 939 quid
1278 883 1384 924 foret
1415 883 1548 936 magis
1582 883 1767 922 destruc-

149 931 253 994 ilimiisd
270 931 426 1001 i3j1i¹r¹ioa1is
441 958 577 998 tivum
628 971 856 1011 regnorum
910 971 1041 1011 quam
1084 964 1302 1010 protegere
1353 954 1397 993 in
1441 953 1549 992 nidis
1594 953 1646 991 ad
1689 952 1769 992 hoc

148 1007 179 1029 ω
200 1001 428 1072 ἳῗῠέἆἾΟΠΠξ-ὼε
443 1027 651 1082 deputatis
684 1027 827 1068 hostes
850 1026 928 1067 Dei
960 1026 1132 1066 ecclesie
1164 1035 1289 1080 atque
1322 1024 1450 1079 regni.
1492 1021 1769 1063 Ecclesiastici
1790 1039 1828 1062 10

441 1100 514 1151 XO,
539 1099 562 1138 8
587 1098 797 1139 scribitur:
827 1099 1028 1152 Regnum
1061 1097 1111 1137 de
1141 1102 1270 1151 gente
1292 1097 1334 1136 in
1356 1102 1525 1150 gentem
1552 1093 1769 1148 transfer-

441 1176 514 1209 tur
533 1176 719 1222 propter
742 1169 997 1217 i71z'ustz'cias,
1022 1168 1224 1218 iniurias,
1258 1166 1542 1207 contumelias
1566 1172 1604 1205 et
1628 1165 1769 1205 diver-

438 1253 509 1281 sos
542 1240 677 1280 dolos.
713 1240 827 1280 Cum
859 1254 956 1294 ergo
992 1238 1229 1280 secundum
1261 1245 1427 1277 sanctos
1450 1235 1523 1289 qui
1546 1235 1770 1275 emendare

439 1318 580 1363 potest
627 1319 667 1350 et
709 1310 883 1364 negligit
925 1310 1083 1364 absque
1128 1308 1258 1349 dubio
1306 1306 1552 1361 participem
1587 1304 1770 1345 criminis

440 1389 486 1420 ut
519 1380 575 1420 sic
609 1394 650 1420 se
685 1380 914 1429 constituit,
970 1380 1065 1420 ideo
1098 1388 1213 1433 patet
1245 1391 1377 1432 quam
1408 1384 1599 1430 patenter
1631 1375 1826 1415 mina-15

439 1460 553 1491 retur
597 1452 765 1491 ruinam
799 1464 929 1505 regno
970 1450 1062 1491 talis
1111 1449 1258 1490 erroris
1302 1446 1530 1488 tolerancia
1575 1446 1659 1485 sive
1697 1446 1768 1485 de-

440 1521 586 1561 fensio.
620 1522 743 1562 Unde
776 1522 876 1562 alias
921 1530 1142 1562 ostensum
1187 1528 1247 1560 est
1287 1519 1403 1573 quod
1447 1515 1768 1567 monasterium,

438 1592 596 1644 habeus
642 1592 884 1633 facultatem
935 1593 988 1632 ad
1040 1591 1356 1632 defendendum
1399 1588 1635 1642 proditores
1679 1586 1768 1637 Dei,

440 1662 679 1703 cuiusmodi
723 1671 821 1703 sunt
859 1662 1012 1717 singuli
1060 1660 1288 1714 criminosi,
1334 1673 1420 1700 non
1468 1658 1593 1698 habet
1634 1666 1680 1697 ut
1712 1656 1768 1695 sic

439 1732 722 1786 privilegium,
757 1734 828 1773 sed
861 1734 1010 1786 pocius
1035 1731 1332 1785 corruptelam.
1357 1730 1479 1770 Unde
1503 1728 1610 1768 sicut
1631 1726 1767 1767 monti
1785 1741 1828 1764 20

440 1803 578 1843 Ethne
622 1817 710 1842 non
755 1811 877 1843 sonat
914 1803 957 1842 in
991 1801 1262 1856 privilegium
1294 1800 1411 1854 quod
1442 1798 1631 1838 includat
1662 1798 1769 1837 ultra

440 1873 544 1914 alios
590 1882 757 1913 montes
800 1874 946 1927 ignem
991 1873 1145 1913 suimet
1189 1870 1552 1924 consumptivum,
1598 1868 1654 1908 sic
1694 1882 1769 1908 nec

440 1944 552 1984 dicto
576 1943 834 1984 monasterio
858 1943 965 1983 foret
986 1941 1254 1996 privilegium
1277 1941 1450 1981 facultas
1475 1939 1644 1981 fovendi
1671 1953 1768 1993 pro-

439 2014 619 2055 ditorem
644 2014 718 2054 Dei
742 2022 829 2054 tam
861 2014 925 2054 sui
957 2027 1088 2068 quam
1119 2012 1249 2053 totius
1271 2011 1423 2065 Anglie
1455 2010 1770 2051 destructivum.

148 2101 197 2129 Au
220 2100 426 2133 rovalssrants
501 2085 618 2137 Item,
663 2098 738 2124 nec
771 2084 856 2139 regi
893 2084 989 2124 licet
1021 2083 1288 2137 privilegium
1319 2081 1401 2122 tale
1434 2081 1663 2122 concedere
1695 2083 1823 2120 necG

149 2136 643 2206 msssstodcoiotrnsshesacerdoti
689 2169 767 2195 suo
812 2154 999 2208 accipere
1049 2153 1127 2193 nisi
1173 2167 1221 2193 ex
1265 2152 1389 2193 titulo
1434 2150 1662 2192 elemosine
1705 2151 1771 2190 vel

227 2206 349 2242 pcople,
440 2225 724 2265 misericordie
769 2233 809 2265 et
851 2225 904 2265 ad
946 2224 1193 2277 augendum
1236 2223 1277 2262 in
1329 2222 1491 2276 populo
1537 2221 1768 2272 caritatem,

440 2296 513 2335 sed
546 2304 709 2336 constat
744 2295 860 2349 quod
892 2308 981 2334 non
1015 2302 1075 2334 est
1108 2293 1339 2333 elemosina
1369 2293 1435 2332 vel
1468 2306 1576 2346 opus
1607 2291 1768 2332 miseri-

441 2366 581 2406 cordie
613 2367 709 2405 dare
743 2364 936 2405 abbathie
967 2363 1200 2415 licenciam,
1240 2373 1286 2404 ut
1330 2363 1531 2403 sustineat
1563 2370 1768 2416 perpetuo

441 2436 689 2487 debitorem,
722 2449 773 2475 ne
806 2448 998 2489 unquam
1020 2434 1257 2483 satisfaciat,
1280 2433 1347 2473 vel
1370 2434 1488 2487 quod
1509 2433 1767 2486 voluptuose
1786 2432 1828 2465 30

438 2506 619 2546 vivendo
650 2506 784 2545 aliena
807 2513 1044 2557 consumat,
1073 2517 1298 2558 quousque
1322 2503 1455 2543 factus
1489 2502 1612 2542 fuerit
1643 2502 1766 2555 inpo-

439 2585 530 2616 tens
564 2576 614 2615 ad
648 2576 912 2615 solvendum.
938 2574 1048 2615 Cum
1079 2575 1191 2614 enim
1221 2574 1455 2614 secundum
1478 2571 1768 2626 Augustinum

440 2660 524 2686 uon
571 2646 800 2686 dimittitur
836 2651 1078 2699 peccatum,
1125 2645 1210 2685 nisi
1254 2644 1508 2684 restituatur
1557 2642 1765 2692 ablatum,

516 2784 540 2813 5.
566 2784 606 2811 n:
634 2782 726 2811 istud.
871 2791 911 2811 10.
936 2790 970 2810 ιι.
993 2782 1038 2809 D:
1070 2782 1154 2809 Eccl.
1177 2780 1243 2809 XX.
1389 2788 1422 2807 ιῐ.
1443 2781 1470 2808 Α
1492 2779 1530 2807 Βε
1553 2778 1761 2806 transferetur⁴

438 2832 477 2860 15.
516 2832 558 2858 D:
581 2831 651 2858 ideo
672 2831 767 2858 deest.
932 2830 978 2857 26.
1007 2828 1048 2856 D:
1079 2828 1192 2856 lterum
1215 2836 1282 2856 nec.
1443 2826 1482 2854 31.
1515 2826 1556 2853 D:
1590 2826 1687 2853 factus
1717 2826 1765 2852 sil.

502 2928 554 2960 32.
586 2930 732 2970 August.
760 2926 869 2969 Epist.
897 2927 938 2958 ad
968 2926 1100 2958 Maced.
1129 2926 1245 2966 CLIII,
1287 2925 1380 2967 Opp.
1422 2931 1504 2956 tom.
1545 2925 1583 2961 11,
1624 2922 1686 2956 532
1727 2923 1767 2954 Α.
