2045 3312
274 260 362 289 CAP.
379 249 507 308 xxm]
794 263 852 294 DE
879 261 1113 294 ECCLESIA.
1815 251 1893 304 567

133 381 152 414 1
191 368 415 413 205bhabet
454 369 698 421 imperium,
746 368 914 407 videtur
954 368 1070 421 quod
1109 380 1219 420 papa
1265 375 1481 420 superstes
1520 381 1604 406 non

286 440 415 478 habet
453 447 710 492 potestatem
749 451 878 491 super
916 451 1064 477 omnes
1105 451 1236 490 papas
1279 438 1317 476 in
1354 437 1604 490 purgatorio
1619 445 1899 486 Anunquepower

287 518 327 549 et
365 509 407 548 in
447 508 551 548 celo.
598 508 660 548 Illi
705 509 819 548 enim
866 517 966 548 sunt
1015 508 1338 547 excellenciores
1379 507 1477 561 quia
1513 481 1898 557 Deouiiqczissiiiiiiflpgopre

285 579 507 633 propiores
527 588 566 619 et
581 579 776 620 cariores.
803 578 901 618 Ideo
925 586 1094 631 oportet
1119 578 1235 631 quod
1261 592 1370 631 papa
1390 586 1604 630 superstes
1646 554 1878 623 ρτὲἕὲἑεξξῖνε.

254 649 440 691 §serviat
473 648 530 688 eis
564 658 605 688 et
637 662 723 688 non
757 649 1031 702 imperatorie
1063 648 1269 687 concedat
1304 648 1419 701 quod
1456 647 1605 687 Petrus

285 720 351 760 vel
384 719 489 759 alius
526 720 674 760 beatus
698 728 916 759 mereatur
943 719 1083 758 amico
1117 732 1195 758 suo
1220 727 1606 771 quantumcunque

285 791 364 831 sibi
399 790 607 843 placuerit
639 789 837 829 limitare.

185 869 224 902 K
251 876 272 902 o
345 861 397 899 Et
431 860 562 899 tercio
597 873 671 912 per
703 859 783 898 hoc
817 860 932 913 quod
967 872 1077 912 papa
1111 867 1327 912 superstes
1360 871 1445 897 non
1477 857 1606 896 habet

287 939 448 970 tantam
483 938 741 983 potestatem
775 943 904 982 super
938 942 1093 982 corpus
1126 930 1190 968 vel
1221 942 1330 981 opus
1364 928 1605 982 proprium,

233 1014 387 1053 mergo
445 1001 582 1040 multo
627 1000 762 1052 magis
807 1013 891 1039 non
938 1013 1065 1052 super
1114 1013 1222 1052 opus
1269 999 1345 1038 Dei
1394 1008 1479 1038 tam
1526 998 1900 1045 sibiTheP0pemig11t

286 1072 493 1123 alienum;
524 1071 655 1110 homo
690 1070 801 1110 enim
836 1071 1020 1124 quadani
1056 1069 1326 1109 naturalitate
1358 1046 1899 1109 dominaturffgrii'sprigtehirii}

286 1155 414 1194 super
447 1141 613 1180 actibus
647 1150 687 1180 et
719 1141 920 1194 operibus
954 1140 1154 1193 propriis,
1182 1153 1258 1178 nec
1294 1149 1418 1178 autor
1456 1151 1606 1178 nature
1725 1116 1799 1151 self3

287 1212 403 1251 dedit
443 1225 552 1264 pape
592 1220 850 1264 potestatem
891 1211 1192 1250 adversantem
1233 1209 1373 1249 ordini
1409 1209 1605 1248 naturali.

346 1287 629 1335 Assumptum
659 1290 775 1335 patet
809 1295 858 1321 ex
890 1281 971 1320 hoc
1006 1281 1123 1334 quod
1159 1291 1259 1322 tunc
1293 1290 1437 1333 posset
1471 1279 1607 1319 facere

235 1360 395 1406 15opus
446 1366 571 1392 suum
623 1366 712 1392 esse
765 1361 1149 1406 quantumcunque
1204 1351 1473 1391 meritorium
1527 1350 1607 1389 sibi

191 1430 272 1463 2050
287 1423 505 1476 placuerit,
539 1423 638 1477 quia
672 1422 855 1462 limitare
890 1422 1022 1462 beatis
1057 1422 1174 1475 quod
1207 1422 1287 1461 sibi
1321 1419 1607 1460 assisterent*

287 1502 669 1547 quantumcunque
716 1492 897 1532 voluerit
939 1492 1239 1545 promerendo.
1283 1491 1452 1531 Stultus
1493 1490 1606 1530 enim

288 1563 395 1603 foret
439 1564 512 1617 qui
557 1571 735 1617 propter
780 1562 937 1602 fastum
982 1563 1047 1602 vel
1093 1572 1295 1616 questum
1341 1562 1436 1614 plus
1479 1562 1605 1601 bene-

288 1633 443 1673 faceret
481 1633 601 1672 alteri
642 1633 784 1672 minus
819 1633 964 1685 digno,
999 1646 1127 1686 quam
1163 1633 1296 1671 eciam
1339 1631 1607 1671 benefaceret

231 1704 366 1743 2osibi
399 1703 494 1756 ipsi,
539 1712 580 1743 et
613 1703 645 1743 si
686 1703 852 1743 dicatur
884 1703 1000 1757 quod
1042 1712 1230 1755 potestas
1277 1716 1362 1742 non
1396 1702 1521 1742 datur
1561 1711 1606 1742 ut

286 1774 344 1813 sic
386 1773 621 1813 benefaciat
662 1774 740 1812 sibi
774 1773 869 1826 ipsi,
910 1782 1026 1825 patet
1072 1773 1187 1826 quod
1222 1772 1338 1811 Deus
1381 1773 1451 1812 dat
1491 1782 1608 1825 pote-

287 1853 439 1884 statem
464 1844 602 1883 solum
628 1844 678 1883 ad
714 1845 875 1884 bonum
911 1857 989 1883 suo
1022 1843 1329 1896 predestinatO.
1356 1843 1456 1882 Ideo
1490 1843 1608 1882 daret

289 1927 367 1954 suo
412 1915 570 1953 vicario
627 1923 900 1968 potestatem,
948 1923 995 1954 ut
1043 1915 1123 1954 sibi
1177 1914 1386 1953 retribuat
1439 1922 1607 1953 tanturn

290 1986 465 2024 bonum.
502 1985 584 2024 Sed
619 1985 860 2025 Hostiensis
896 1984 962 2040 (ut
997 1985 1167 2024 recitavi
1202 1981 1418 2038 superius)
1461 1984 1605 2023 horre-

233 2063 270 2095 25
291 2056 361 2095 bat
409 2055 534 2095 istam
569 2054 782 2106 ficticiam‚
829 2055 928 2108 quia
973 2064 1139 2094 certum
1186 2054 1356 2094 videtur
1401 2054 1532 2107 quod,
1575 2054 1606 2094 si

289 2125 464 2165 haberet
505 2135 666 2165 tantam
706 2135 963 2178 potestatem
1003 2139 1131 2178 super
1166 2124 1365 2164 demonia
1407 2133 1447 2163 et
1481 2130 1683 2193 supergnd
1700 2131 1901 2179 wouldhaye}

291 2207 467 2235 cunctos
513 2196 708 2235 subditos
761 2209 860 2236 suos
914 2196 1056 2249 quoad
1106 2208 1262 2248 corpus
1312 2203 1352 2234 et
1404 2194 1606 2245 animam,
1646 2167 1899 2229 θηῃεῖἑιτδνῑὲεῐ-’Ἡδ

291 2266 466 2305 haberet
505 2267 637 2305 eciam
666 2274 922 2319 potestatem
956 2279 1084 2318 super
1118 2278 1267 2304 eorum
1301 2265 1606 2314 substanciam,

293 2346 332 2376 et
368 2346 469 2376 tunc
503 2337 627 2376 multi
660 2351 769 2390 pape
812 2335 876 2390 (ut
911 2334 1116 2391 creditur)
1151 2335 1349 2376 fecissent
1389 2335 1607 2386 miracula,

234 2407 537 2446 3omandando
583 2407 802 2459 spiritibus
851 2406 998 2446 afferre
1039 2407 1117 2446 sibi
1159 2406 1382 2446 thesauros
1428 2406 1606 2444 abscon-

293 2477 403 2516 ditos
429 2486 468 2516 et
491 2476 815 2530 acquisivissent
849 2477 927 2516 sibi
952 2476 1140 2516 dominia
1165 2476 1271 2514 adeo
1295 2475 1503 2516 affectata.
1525 2475 1606 2515 Sed

293 2545 359 2601 (ut
375 2547 565 2587 innuitur
576 2551 667 2589 Act.
682 2547 750 2599 ΙΙΙ,
762 2547 820 2602 6),
837 2547 935 2602 quia
947 2548 1094 2587 Petrus
1113 2561 1197 2586 non
1214 2546 1363 2586 habuit
1382 2546 1608 2598 possessio-

294 2631 388 2656 nem
414 2618 504 2657 auri
538 2618 602 2656 vel
635 2618 812 2670 argenti,
839 2619 934 2657 ideo
964 2617 1113 2657 habuit
1140 2625 1397 2670 potestatem
1432 2616 1608 2655 sanandi

346 2774 389 2794 io.
410 2766 432 2792 Β
460 2767 490 2794 in
513 2774 630 2802 marga
645 2766 733 2800 Item,
750 2765 873 2794 difficile
888 2766 1008 2794 videtur
1025 2766 1127 2793 dicere
1141 2766 1224 2801 quod
1243 2765 1313 2792 talia
1330 2764 1438 2792 merita
1455 2764 1608 2791 bonorum

293 2812 323 2840 in
359 2813 457 2848 patria
491 2821 550 2849 que
582 2813 731 2840 dominus
763 2821 842 2848 papa
875 2813 1028 2848 pretendit
1059 2821 1091 2840 se
1124 2811 1277 2847 impertiri
1299 2811 1473 2838 secundum
1502 2814 1608 2837 votum

293 2867 383 2886 suum
414 2859 517 2886 adhuc
547 2864 729 2886 remaneant
758 2859 995 2892 irremunerata,
1040 2859 1148 2886 saltem
1181 2866 1253 2885 cum
1293 2857 1442 2884 dominus
1477 2856 1610 2890 premiat

292 2906 371 2934 ultra
391 2905 582 2941 condignum
604 2910 632 2934 et
652 2906 741 2942 punit
761 2906 848 2934 citra.
