2045 3312
298 271 386 299 CAP.
409 260 507 318 xxr]
807 274 865 305 DE
893 274 1130 305 ECCLESIA.

155 390 174 422 I
205 386 282 433 ¹97⁶
296 380 530 419 caracteris
593 378 984 432 impeijeccionem;
1053 387 1092 418 et
1154 378 1367 431 tripliciter
1428 379 1623 432 reprobat

295 448 416 488 istam
450 449 696 502 opinionem
729 448 827 488 satis
860 448 1071 488 vivaciter.

190 527 229 561 Κ
257 536 282 561 a
354 519 512 568 Primo,
534 518 682 573 inquit,
704 519 743 558 si
755 519 833 558 lzoc
854 525 976 569 esset,
1000 525 1100 558 tunc
1114 525 1223 559 esset
1245 519 1502 572 impossibile
1515 533 1620 572 pro-

297 590 455 628 moveri
475 589 531 628 ad
560 596 801 642 sequentem
825 589 1019 628 ordinem
1043 589 1218 629 dimisso
1233 590 1376 642 priori
1383 600 1398 639 ;
1426 589 1539 642 quod
1560 597 1622 629 est

254 667 279 699 b
295 666 443 698 contra
463 660 572 699 iura.
584 659 706 708 Item,
723 666 823 699 tunc
838 672 919 698 non
936 666 1045 699 esset
1059 659 1310 713 differencia
1326 660 1436 699 inter
1449 659 1620 699 ordines

296 729 378 768 nisi
390 729 624 769 secundum
649 730 787 769 maius
811 736 849 769 et
873 730 1013 769 minus
1027 741 1042 780 ,·
1071 729 1183 783 quod
1204 736 1267 770 est
1289 729 1515 783 manifeste
1521 729 1619 783 fal-

293 813 404 849 sum,
423 813 519 839 cum
528 806 761 852 potestates
777 801 818 839 in
834 800 1012 840 diversis
1028 799 1248 840 ordinibus
1265 806 1368 839 sunt
1380 799 1437 840 ad
1451 800 1619 840 diversa

258 869 498 909 cordiizate.
544 870 601 909 Et
630 871 773 920 tercio,
806 872 844 910 si
874 877 1070 910 caracter
1099 872 1163 911 sic
1192 871 1428 923 susciperet
1466 871 1621 925 magis,

287 954 370 993 per
402 940 509 980 idem
537 947 685 993 posset
714 941 932 994 suscipere
966 942 1120 991 minus,
1165 948 1204 981 et
1243 954 1327 994 per
1358 954 1619 995 consequens

239 1027 277 1049 ιο
280 1010 403 1064 foret
453 1010 658 1060 delebilis,
710 1018 750 1051 et
792 1025 874 1064 per
924 1011 1032 1051 idem
1083 1018 1324 1051 caracteres
1374 1011 1620 1065 aliquorum

291 1088 663 1120 sacramentorum
698 1082 838 1135 magis
871 1089 910 1121 et
942 1082 1082 1121 minus
1112 1082 1361 1135 reciperent,
1386 1088 1431 1121 ut
1452 1081 1621 1121 dicatur

291 1151 527 1204 baptizatus
560 1152 626 1191 vel
655 1152 934 1205 confirmatus
969 1153 1108 1206 magis
1141 1159 1180 1192 et
1219 1153 1383 1201 minus,·
1415 1151 1528 1206 quod
1559 1160 1621 1192 est

251 1222 461 1265 domnino
509 1223 818 1262 inconveniens.
867 1224 980 1275 Ergo
1014 1232 1054 1263 et
1087 1223 1264 1276 posicio.
1310 1222 1406 1262 Alia
1438 1233 1618 1275 possunt

294 1290 382 1331 fieri
433 1301 681 1346 argumenta
725 1294 843 1346 quod
894 1307 967 1347 per
1016 1294 1130 1333 idem
1185 1302 1365 1333 caracter
1418 1293 1617 1347 baptismi

238 1374 274 1405 15
292 1376 472 1401 crescere
507 1372 649 1415 posset
681 1364 732 1402 ad
766 1364 1108 1418 qualemcunque
1142 1373 1406 1404 caracterem.
1438 1364 1619 1418 Oportet

292 1432 401 1471 enim
448 1432 490 1471 in
538 1446 635 1472 casu
684 1434 913 1473 concedere
958 1435 1074 1488 quod
1126 1435 1312 1474 duorum
1364 1434 1619 1475 acolitorum

291 1511 470 1542 caracter
502 1503 767 1543 sacerdotalis
803 1503 880 1544 fuit
913 1504 1142 1557 impressus
1174 1505 1216 1543 in
1251 1518 1352 1556 uno,
1387 1513 1427 1544 et
1459 1504 1503 1544 in
1534 1505 1617 1544 alio

290 1586 391 1624 non,
444 1573 587 1626 posito
640 1575 757 1628 quod
810 1574 911 1614 alter
963 1584 1162 1614 cresceret
1213 1575 1256 1614 in
1309 1584 1531 1628 posterum
1574 1575 1615 1614 in

290 1644 549 1683 sacerdotem
582 1653 621 1683 et
662 1644 765 1684 alter
798 1654 968 1685 maneat
999 1654 1167 1685 tantum
1201 1646 1393 1696 acolitus,
1433 1655 1472 1686 et
1511 1645 1617 1686 foret

233 1736 273 1756 20
290 1713 485 1754 confusio
529 1714 571 1752 in
617 1715 857 1754 sacerdocio
910 1717 1147 1756 secundum
1192 1716 1327 1769 magis
1376 1725 1416 1756 et
1459 1716 1613 1757 minus.

290 1784 389 1822 Ideo
434 1784 532 1823 dicit
576 1785 759 1823 secunda
805 1784 952 1837 opinio
997 1786 1150 1825 melius
1195 1786 1310 1839 quod
1350 1787 1392 1826 in
1436 1787 1614 1827 diversis

289 1853 508 1893 ordinibus
543 1854 855 1907 imprimuntur
900 1855 1057 1895 diversi
1099 1862 1357 1906 caracteres,
1410 1870 1457 1897 eo
1504 1858 1617 1911 quod

290 1936 371 1962 non
415 1924 556 1963 solum
600 1926 672 1977 qui
714 1924 770 1964 ad
802 1925 886 1964 Dei
929 1927 1091 1964 cultum
1136 1934 1435 1977 assumuntur,
1468 1927 1613 1968 distin-

287 2000 486 2046 guuntur
523 1995 574 2034 ab
607 1995 719 2044 aliis,
748 2009 909 2048 ymmo
942 1996 1051 2036 inter
1096 1997 1384 2037 ministrantes
1417 2005 1480 2037 est
1510 1998 1614 2038 ordo

232 2075 270 2106 25
288 2070 414 2116 atque
444 2064 673 2114 distinccio,
706 2072 745 2105 et
778 2066 957 2106 ulterius
1000 2066 1169 2120 gradus
1202 2068 1265 2106 illi
1308 2074 1347 2107 et
1382 2074 1613 2120 potestates

289 2134 571 2184 ministrandi,
603 2136 641 2175 si
682 2136 814 2175 simul
856 2135 1029 2185 dantur,
1074 2151 1292 2191 nunquam
1334 2138 1612 2192 auferuntur,

287 2204 460 2244 eciamsi
516 2205 572 2244 ad
633 2207 769 2246 alcius
838 2207 1122 2247 ministerium
1193 2209 1384 2248 elevatur
1440 2210 1513 2262 qui
1570 2210 1610 2249 in

290 2274 447 2314 minori
486 2276 834 2327 ministraverat;
872 2284 911 2317 et
943 2277 1035 2317 ideo
1074 2279 1117 2317 in
1165 2278 1344 2319 diversis
1388 2280 1612 2320 ordinibus

288 2343 463 2384 diversa
496 2346 643 2399 sigilla
686 2346 835 2386 debent
873 2348 1064 2400 imprimi
1105 2349 1344 2388 secundum
1377 2363 1459 2402 que
1492 2350 1612 2390 nobis

232 2425 273 2457 30
291 2414 521 2455 diversitas
557 2422 818 2469 potestatum
862 2417 1140 2457 ministrandi
1171 2426 1211 2459 et
1234 2420 1510 2472 perpetuitas
1548 2420 1609 2459 in-

289 2491 496 2535 notescat,·
528 2486 611 2525 tale
645 2492 787 2525 autem
821 2487 1103 2540 signaculum
1140 2494 1202 2529 est
1233 2496 1446 2531 caracter.

337 2651 362 2670 2.
383 2644 412 2671 A
431 2645 487 2679 A1:
509 2645 582 2672 satis
604 2645 750 2673 vivaciter
770 2646 864 2674 deest.
1011 2655 1046 2675 ιι.
1069 2648 1108 2675 B:
1137 2648 1312 2684 reciperent
1334 2665 1362 2669 ——
1385 2649 1489 2677 minus
1512 2649 1607 2677 deest.

287 2697 326 2717 21.
355 2690 433 2718 Ain
455 2699 566 2726 marg.2
600 2692 743 2720 Secunda
773 2693 892 2728 opinio.
1037 2695 1083 2721 26.
1115 2695 1153 2721 B:
1181 2695 1235 2723 sed
1260 2695 1364 2723 simul.
1401 2697 1430 2723 A
1450 2696 1508 2731 Al:
1539 2696 1609 2724 licet

286 2737 390 2764 semel.
410 2737 529 2765 Ibidem
555 2738 666 2765 codd.:
698 2738 825 2766 eciamsi
855 2740 992 2768 alterius
1025 2740 1165 2769 Correxi.
1310 2742 1354 2770 30.
1377 2741 1416 2768 B:
1444 2746 1605 2777 peccatum

289 2783 495 2811 ministrandi

346 2902 398 2934 23.
426 2904 556 2936 Bonav.
585 2905 606 2935 l.
633 2914 659 2936 c.
687 2915 764 2947 pag.
791 2904 855 2937 652
884 2915 985 2948 seqq.

1831 264 1909 302 503
