2045 3312
302 259 392 288 CAP.
414 249 498 308 xv]
794 265 854 296 DE
882 263 1117 296 ECCLESIA.

143 379 177 412 B
203 376 280 422 175¹³
297 378 356 408 est
385 369 575 422 superius
598 369 684 411 XII.
710 380 821 424 cap.;
855 379 893 410 et
925 369 966 409 in
990 369 1211 423 proposito
1233 368 1364 409 inficit
1397 384 1439 409 se
1462 369 1612 423 ipsam.

297 439 545 492 Quomodo,
579 439 769 493 inquam,
812 453 943 493 regno
977 447 1125 479 nostro
1159 438 1313 479 inesset
1344 440 1613 493 prosperitaS‚

294 511 464 562 quando
497 524 520 549 a
552 523 647 562 rege
681 519 720 550 et
759 509 1003 563 capitalibus
1043 509 1131 549 eius
1163 518 1251 549 tam
1284 510 1451 563 prelatis
1485 524 1614 564 quam

294 578 476 618 dominis
510 579 802 620 defenderetur
833 588 947 619 tanta
979 579 1192 632 iniquitas.
1226 579 1371 620 Error
1399 581 1510 620 enim
1545 582 1615 621 cuz·

261 660 376 692 §non
423 650 637 689 resistitur
682 649 976 702 approbatzcr;
1031 650 1103 689 sed
1156 649 1283 689 altera
1326 649 1500 690 istarum
1553 660 1614 690 est

294 719 451 758 nedum
491 733 602 759 error
646 720 716 759 sed
754 719 908 759 heresis
951 733 1028 772 pro
1073 732 1157 773 qua
1195 719 1373 772 dignum
1418 730 1524 760 esset
1569 730 1614 760 ut

292 802 362 828 rex
396 798 435 829 et
465 798 606 830 totum
638 804 765 829 suum
798 789 1088 829 sacerdocium
1112 790 1361 830 destruatur.
1397 791 1495 830 Ideo
1528 805 1613 830 non

292 859 471 899 dubium
503 874 572 899 rex
605 869 645 900 et
677 859 839 899 domini
872 860 1077 900 seculares
1111 861 1182 899 sed
1206 859 1439 913 specialiter
1466 861 1614 914 prelati

292 929 406 982 regni
442 929 622 969 facerent
653 930 695 969 in
729 930 810 970 isto
844 929 1064 984 diligenter
1097 930 1305 984 inquirere
1328 930 1545 970 veritatem
1575 940 1614 971 et

238 1020 276 1042 10
293 999 519 1040 excitarent
570 999 924 1053 defenderentque
975 1000 1197 1054 theologos
1244 1000 1325 1040 hoc
1377 1009 1612 1053 tractantes,

294 1083 391 1109 cun]
414 1069 470 1109 eis
500 1070 707 1110 incumbit
730 1083 887 1110 errores
910 1070 1011 1110 tales
1045 1070 1247 1110 discutere
1271 1079 1311 1110 et
1343 1072 1392 1111 de
1425 1071 1612 1124 periculo

290 1153 433 1192 regem
467 1149 506 1179 et
539 1139 655 1193 regni
688 1140 846 1179 incolas
880 1140 1133 1193 premunire.
1168 1141 1221 1179 Et
1252 1154 1393 1180 revera
1421 1155 1469 1180 ex
1501 1151 1611 1181 utra-

294 1223 374 1263 que
406 1219 522 1263 parte
562 1210 911 1250 contradiccionis
946 1210 1134 1264 sequitur
1171 1211 1326 1264 grande
1364 1211 1613 1264 periculum,

292 1294 341 1319 eo
381 1281 510 1333 quod,
557 1280 642 1320 sive
675 1281 727 1320 sit
759 1281 990 1320 hereticum
1025 1281 1109 1321 sive
1154 1294 1240 1320 non
1274 1282 1325 1321 sit
1367 1281 1612 1334 hereticum,

239 1349 512 1402 15st1pposito
546 1349 654 1390 facto
688 1364 840 1403 magna
864 1364 956 1403 pars
990 1350 1107 1403 regni
1139 1351 1271 1391 nostri
1303 1366 1350 1391 ex
1372 1352 1612 1404 adhesione‚

290 1433 337 1458 ex
370 1419 613 1459 defensione
646 1421 710 1459 vel
740 1420 969 1460 omissione
992 1420 1174 1461 inficitur
1195 1421 1374 1462 heretica
1396 1423 1610 1476 pravitate.

348 1491 523 1529 intendo
538 1504 636 1544 ergo
651 1490 733 1531 isto
757 1491 888 1530 modo
912 1492 1156 1544 procedere:
1180 1491 1318 1545 primo
1342 1506 1505 1532 narrare
1530 1493 1610 1532 fac-

289 1570 380 1599 tum
403 1573 549 1612 regum
567 1560 717 1614 Anglie
739 1560 781 1599 in
804 1560 880 1600 hac
903 1570 1032 1614 parte,
1056 1563 1242 1602 secundo
1257 1562 1427 1602 recitare
1443 1563 1610 1616 opinio-

290 1643 360 1669 nes
384 1630 607 1669 doctorum
639 1631 680 1670 in
710 1631 896 1683 materia,
927 1641 966 1671 et
995 1632 1123 1672 tercio
1147 1633 1311 1672 obicere
1340 1642 1486 1673 contra
1509 1634 1609 1676 illas.

207 1709 273 1742 01
347 1701 569 1748 Quantum
601 1701 651 1739 ad
686 1701 886 1754 primum,
932 1711 1046 1755 patet
1086 1702 1240 1755 legenti
1275 1703 1463 1743 cronicas
1496 1704 1611 1758 regni

288 1770 419 1810 nostri
448 1771 671 1824 quomodo
695 1772 940 1811 Willelmus
974 1782 1231 1826 conquestor
1262 1774 1418 1814 multas
1451 1774 1609 1815 elemo-

287 1840 396 1879 sinas
424 1853 574 1892 regum
596 1841 814 1881 Saxonum
837 1843 887 1881 de
922 1842 1110 1893 abbatiis,
1148 1844 1197 1882 de
1229 1843 1539 1897 episcopatibus
1572 1854 1611 1884 et

286 1909 375 1949 aliis
411 1910 706 1951 dotacionibus
730 1912 807 1950 sub
831 1911 1005 1951 nomine
1043 1922 1245 1966 perpetue
1272 1913 1501 1954 elemosine
1534 1928 1609 1968 pro

287 1988 490 2032 perpetuo
515 1981 700 2033 variavit,
725 1995 838 2021 nunc
862 1982 1162 2034 subtrahendo,
1187 1997 1299 2023 nunc
1322 1984 1609 2024 transferendo

230 2060 270 2091 25
288 2059 327 2089 et
350 2063 462 2089 nunc
482 2050 578 2090 loco
603 2051 695 2090 cleri
719 2051 868 2104 prioris
884 2061 1102 2092 extraneos
1118 2052 1374 2094 inducendo.
1393 2054 1479 2093 Nec
1502 2055 1610 2094 valet

284 2118 439 2173 fingere
462 2120 659 2173 sompnia
689 2122 805 2174 quod
836 2122 900 2161 vel
923 2136 945 2161 a
968 2136 1078 2175 papa
1100 2122 1247 2163 habuit
1267 2123 1487 2164 licenciam
1514 2125 1610 2178 plus

285 2190 336 2228 ad
358 2189 436 2230 ista
468 2204 598 2244 quam
630 2191 680 2230 ad
715 2202 999 2245 conquestum
1029 2193 1144 2247 regni
1175 2194 1225 2233 de
1247 2193 1334 2233 iure
1357 2194 1433 2233 sibi
1467 2195 1607 2236 debiti.

285 2259 338 2298 Et
370 2259 426 2299 sic
461 2260 510 2299 de
543 2261 743 2313 sompnio
777 2275 863 2315 quo
897 2261 1068 2316 fingitur
1100 2263 1242 2316 ipsum
1275 2273 1372 2317 post
1393 2264 1608 2305 restituere

286 2343 435 2369 omnes
467 2330 690 2370 ablatarios
723 2331 907 2384 clericos,
953 2333 1060 2373 sicut
1104 2346 1179 2373 nec
1224 2333 1404 2374 restituit
1436 2335 1608 2375 heredes

230 2409 271 2440 30
287 2399 503 2438 Saxonum
534 2400 800 2453 rebellantes;
835 2411 875 2441 et
906 2416 1047 2442 revera
1078 2403 1302 2444 hereticare
1332 2405 1471 2458 ipsum
1504 2405 1607 2445 fina-

286 2468 389 2519 liter,
424 2481 521 2507 cum
554 2478 694 2510 toturn
738 2470 802 2510 ius
847 2471 963 2524 regni
1008 2472 1087 2512 fuit
1130 2474 1181 2512 ab
1225 2473 1318 2527 ipso
1364 2476 1416 2514 ad
1461 2490 1608 2515 omnes

286 2551 399 2591 reges
432 2539 594 2578 medios
617 2541 881 2581 successione
904 2541 1149 2582 hereditaria
1174 2556 1307 2598 usque
1342 2545 1467 2584 hodie
1501 2546 1606 2585 deri-

286 2616 443 2659 vatum,
468 2608 573 2649 foret
595 2610 720 2649 minis
744 2610 938 2652 infectiva
961 2613 1244 2666 presumpcio.
1279 2614 1475 2655 infectiva
1498 2615 1606 2667 dico,

285 2677 384 2730 quia
416 2677 659 2719 hereticaret
691 2694 806 2734 reges
831 2681 989 2721 clerum
1017 2692 1056 2722 et
1088 2684 1300 2736 populum
1323 2684 1488 2724 interim
1512 2699 1604 2725 suc—

339 2821 372 2840 11.
396 2813 515 2841 Codd.:
537 2815 566 2843 in
588 2824 721 2843 errores.
839 2825 876 2852 ¹7·
911 2819 937 2845 A
958 2819 988 2846 in
1011 2827 1125 2854 marga
1148 2819 1228 2846 Nota
1248 2821 1315 2847 tria.
1460 2828 1505 2847 ρο.
1527 2821 1555 2847 Α
1575 2819 1604 2847 in

284 2868 401 2894 marga
434 2861 517 2889 Nota
546 2863 705 2897 quomodo
727 2864 895 2898 practisata
915 2869 960 2892 est
981 2866 1103 2893 ablacro
1124 2866 1356 2901 temporalium.
1500 2866 1543 2893 32.
1565 2866 1603 2893 13:

283 2906 471 2934 successive.
616 2908 661 2943 34.
684 2909 723 2936 B:
745 2910 899 2938 internum
921 2911 1133 2939 succedentes.

1635 799 1718 828 Such
1739 810 1755 828 a
1776 802 1897 829 serious

1637 836 1779 871 question
1801 839 1897 871 ought

1646 877 1676 898 to
1698 871 1734 898 be
1755 872 1876 899 settled.

1639 1499 1769 1535 llislory
1790 1507 1821 1529 01
1842 1504 1891 1530 me

1686 1542 1840 1570 question.

1671 1571 1810 1600 william
1832 1575 1853 1600 l.

1671 1610 1859 1642 rearranged

1645 1650 1737 1678 many
1758 1643 1889 1671 founda-

1635 1677 1717 1703 tions
1739 1686 1774 1704 or
1795 1684 1895 1705 trans-

1656 1712 1757 1740 ferred
1779 1715 1872 1741 them.

1629 2637 1839 2670 Suppressiou
1862 2637 1897 2664 of

1634 2671 1682 2698 tlie
1703 2672 1881 2706 Templum.
