2045 3312
271 241 358 269 cm).
383 229 422 287 r]
779 242 836 272 DE
864 241 1099 273 ECCLEsm.

1834 228 1877 267 13

112 361 151 394 K
176 365 250 405 129⁸
325 350 484 398 Quarta
517 345 735 386 conclusio
770 345 959 386 eiusdem
988 344 1204 384 decretalis
1237 353 1297 384 est
1329 345 1447 398 quod
1480 345 1587 384 intra
1605 352 1721 380 Fourth
1752 355 1880 381 conciu-

1658 389 1738 416 sion.
1761 388 1837 416 Both

266 418 497 473 predictam
530 416 749 456 ecclesiam
782 425 842 456 est
874 424 1049 470 uterque
1089 414 1252 468 gladius
1296 414 1361 453 vel
1405 424 1589 468 potestas
1605 424 1725 452 swords
1743 432 1778 452 or
1793 432 1879 459 pow-

265 488 419 529 scilicet
451 486 680 541 corporalis
700 487 766 526 vel
787 485 1031 540 temporalis
1065 495 1104 526 et
1127 484 1371 539 spirituali83
1404 498 1590 538 quorum

267 567 444 611 uterque
476 557 600 597 debet
631 558 683 597 ad
716 565 842 610 caput
876 556 1047 596 ecclesie
1079 566 1119 595 et
1152 555 1239 596 eius
1271 554 1474 595 vicarium
1498 569 1589 609 per-

231 628 406 674 5tinere.
440 628 560 668 Patet
592 641 640 667 ex
671 627 753 667 hoc
786 627 903 680 quod
926 626 1089 667 dictum
1118 640 1287 680 corpuS‚
1321 639 1420 666 cum
1444 625 1495 666 sit
1516 639 1590 679 per

263 712 306 738 se
340 697 565 750 sufficiens,
598 697 724 737 habet
745 697 786 736 in
811 711 853 737 se
876 697 1188 750 plenitudinem
1210 696 1442 750 potestatis.
1478 695 1591 736 Cum

263 783 361 822 ergo
410 777 588 822 utraque
635 776 821 821 potestas
875 767 927 807 sit
978 767 1210 807 necessaria
1249 766 1372 806 matri
1405 766 1589 817 ecclesie,

261 847 377 892 patet
409 837 641 878 conclusio.
676 839 729 878 Et
760 838 841 878 hoc
864 837 1093 892 figuratum
1117 846 1178 878 est
1200 838 1313 877 Luce
1336 837 1487 889 XXIIO,
1524 837 1589 887 38,

261 909 434 962 quando
482 908 686 961 apostolis
730 908 1084 962 respondentibus
1139 907 1252 947 Ecce
1309 907 1395 947 duo
1450 906 1592 962 gladii

208 980 328 1024 10lzic
362 978 554 1018 Christus
587 978 689 1018 dixit
721 992 809 1018 non
842 977 1107 1032 superfluum
1129 978 1195 1017 vel
1224 977 1486 1017 diminutum
1519 978 1591 1017 sed

259 1050 365 1089 satis
397 1056 471 1089 est.
506 1050 630 1090 Unde
662 1050 714 1088 ad
747 1049 1042 1088 denotandum
1065 1049 1184 1102 quod
1212 1057 1390 1102 uterque
1423 1047 1586 1101 gladius

260 1119 337 1159 fuit
368 1120 491 1159 Petro
525 1119 749 1172 pertinens,
785 1127 1093 1173 consequenter
1116 1118 1218 1158 dixit
1241 1118 1434 1158 Christus
1465 1119 1587 1158 Petro

259 1190 511 1243 percucienti
565 1203 733 1230 servum
781 1189 1012 1243 pontificis:
1058 1190 1180 1229 Mitte
1223 1189 1422 1242 gladium
1470 1195 1587 1228 tuum

260 1265 301 1301 in
338 1263 560 1314 vaginam.
605 1261 668 1300 Ex
709 1274 796 1314 quo
829 1260 1020 1300 innuitur
1063 1260 1115 1299 ad
1159 1273 1331 1298 sensum
1376 1259 1588 1299 misticum

206 1343 242 1375 15
260 1332 375 1385 quod
409 1338 588 1384 uterque
614 1332 795 1385 gladius
827 1331 883 1371 sit
915 1332 955 1370 in
984 1337 1199 1383 potestate
1224 1330 1417 1383 ecclesie,
1452 1337 1586 1370 mate-

258 1401 385 1442 rialis
410 1414 497 1453 pro
531 1402 714 1441 ecclesia
748 1402 819 1441 sed
842 1415 915 1455 per
936 1402 1063 1441 laicos
1087 1401 1354 1452 exercendUS,
1389 1401 1583 1454 spiritua-

257 1471 306 1510 lis
338 1484 437 1511 vero
483 1485 559 1524 pro
592 1472 817 1525 puniendis
863 1471 1042 1525 peccatis
1081 1485 1153 1524 per
1186 1471 1437 1525 episcopum
1471 1485 1584 1510 exer-

258 1542 428 1581 cendus,
476 1542 528 1581 Et
575 1542 631 1581 sic
675 1542 771 1582 licet
812 1542 990 1596 gladius
1031 1542 1270 1582 materialis
1300 1542 1355 1581 sit
1386 1543 1427 1581 in
1454 1555 1586 1581 manu

260 1625 411 1665 regum
447 1618 486 1651 et
519 1613 718 1660 militum,
753 1612 831 1652 lzoc
864 1619 1006 1652 tamen
1041 1614 1125 1652 erit
1157 1613 1214 1652 ad
1247 1619 1406 1652 motum
1446 1618 1486 1652 et
1524 1625 1588 1652 se-

201 1702 242 1723 20
258 1682 447 1722 cundum
474 1682 767 1735 prudenciam
801 1682 1091 1722 sacerdotum.
1132 1682 1311 1735 Oportet
1341 1683 1453 1722 enim
1487 1682 1585 1736 gla-

259 1753 376 1792 dium
412 1753 680 1792 materialem
721 1766 813 1793 esse
845 1754 922 1793 sub
964 1753 1051 1793 alio
1097 1753 1203 1793 sicut
1248 1754 1353 1792 ordo
1398 1753 1587 1793 militaris

259 1832 320 1862 est
359 1823 436 1862 sub
478 1823 730 1864 sacerdocio.
776 1824 830 1863 Et
868 1823 944 1863 ista
982 1832 1043 1863 est
1081 1823 1293 1876 exposicio
1338 1823 1444 1863 beati
1490 1824 1587 1863 Ber-

259 1893 390 1944 nardi,
423 1893 528 1932 libro
562 1894 748 1933 secundo
780 1894 832 1932 ad
855 1893 1099 1945 Eugenium
1132 1902 1171 1933 et
1193 1894 1247 1933 ad
1270 1893 1392 1932 illum
1415 1907 1586 1933 sensum

167 1972 245 2018 129‘1
258 1963 494 2016 loquuntur
526 1963 734 2017 quotlibet
766 1964 960 2003 doctores
994 1972 1033 2002 et
1072 1964 1236 2003 decreta
1258 1963 1283 1990 ἴθ’
1307 1963 1583 2005 concorditer.

203 2045 242 2078 25
260 2034 382 2073 Unde
420 2034 587 2085 XXHla,
621 2048 660 2087 q.
694 2034 765 2085 Va,
810 2034 1047 2086 Principes,
1081 2034 1157 2073 sub
1191 2034 1440 2074 auctoritate
1474 2034 1581 2073 beati

259 2103 404 2143 Isidori
438 2105 513 2143 IIIO
548 2105 597 2144 de
631 2118 803 2144 summo
849 2105 978 2155 bono,
1019 2118 1107 2157 cap.
1143 2104 1267 2155 LIIP,
1314 2104 1414 2144 dicit
1447 2118 1582 2144 canon

257 2175 374 2227 quod
407 2175 523 2215 intra
577 2175 803 2215 ecclesiam
842 2176 1070 2228 principes
1107 2176 1244 2215 seculi
1281 2175 1437 2214 habent
1461 2182 1583 2227 pote-

256 2250 424 2296 statem,
461 2251 506 2284 ut
529 2258 616 2297 per
650 2245 826 2284 eandem
854 2251 1112 2297 potestatem
1143 2245 1417 2298 disciplinam
1453 2245 1583 2284 eccle—

255 2315 473 2353 siasticam
509 2315 720 2354 muniant.
757 2315 818 2354 Ex
857 2329 940 2368 qua
973 2315 1244 2355 conclusione
1285 2324 1412 2368 patet,
1445 2315 1583 2368 primo

201 2385 373 2436 30quod
418 2385 516 2425 dicti
560 2385 768 2439 principes
814 2394 913 2425 sunt
956 2399 1051 2439 pars
1096 2385 1204 2425 dicte
1249 2384 1433 2436 ecclesie,
1483 2399 1581 2424 cum

315 2505 335 2524 1.
358 2497 457 2526 Codd.
479 2499 509 2526 in
530 2508 633 2535 marg:
666 2499 784 2535 Quarta
811 2499 982 2527 conclusio.
1008 2499 1037 2526 A
1057 2498 1087 2526 in
1115 2507 1218 2533 marg:
1249 2499 1331 2526 Intra
1351 2499 1515 2526 ecclesiam
1537 2504 1582 2526 est

255 2550 381 2581 uterque
401 2546 522 2580 gladius
542 2547 587 2574 vel
610 2552 758 2582 potestas.
868 2556 894 2582 7.
914 2548 959 2574 A:
982 2547 1078 2574 nostri
1101 2546 1241 2574 ecclesie.
1333 2544 1363 2574 S.
1383 2545 1404 2572 B
1426 2546 1455 2573 in
1478 2554 1581 2581 marg:

256 2591 338 2619 Luce
358 2599 401 2619 22.
521 2592 557 2621 13.
581 2594 601 2621 Β
623 2594 653 2622 in
675 2602 778 2629 marg:
800 2593 882 2622 Nota
904 2594 940 2621 de
962 2599 1093 2629 utroque
1115 2593 1230 2628 gladio.
1350 2600 1389 2628 19·
1412 2593 1444 2620 In
1468 2593 1581 2620 decret.

259 2637 354 2666 Unam
383 2643 521 2667 sanctam
551 2641 664 2669 rectius
695 2642 795 2676 leges:
829 2641 883 2668 sed
914 2640 951 2668 ad
980 2645 1088 2667 nutum
1126 2644 1154 2667 et
1184 2639 1369 2675 patienciam
1399 2640 1582 2667 sacerdotis.

254 2691 296 2712 22.
320 2686 340 2712 B
359 2686 388 2713 in
410 2695 514 2720 marg:
538 2687 733 2715 Bernhardus
754 2687 792 2714 ad
813 2687 998 2722 Eugenium.
1094 2687 1140 2714 26.
1161 2686 1182 2713 B
1204 2686 1234 2713 in
1256 2694 1358 2721 marg:
1380 2686 1518 2714 Isidorus
1539 2686 1581 2719 23,

254 2739 283 2767 q.
304 2732 329 2761 5.
455 2733 501 2763 28.
521 2733 560 2761 B:
583 2734 826 2761 ecclesiasticam
847 2733 980 2762 immitit.

320 2829 368 2862 13.
395 2829 473 2863 Joh.
495 2829 618 2871 XVIlI,
651 2841 701 2861 11.
804 2841 853 2871 14.
881 2830 1005 2873 Comp.
1024 2830 1151 2861 decret.
1182 2830 1295 2861 Unam
1325 2833 1487 2862 sanctam
1518 2830 1580 2860 l.c.

264 2886 316 2919 25.
345 2888 479 2920 Decret.
507 2899 575 2921 sec.
602 2899 692 2931 pars.
721 2898 823 2920 causa
852 2889 970 2929 XXlIl,
998 2899 1031 2930 q.
1062 2889 1101 2927 V,
1129 2898 1202 2931 cap.
1231 2889 1302 2919 XX.

1623 466 1671 487 ers
1693 459 1807 493 belong
1827 464 1858 486 to

1640 495 1690 522 tlie
1711 494 1847 521 Church.
