2045 3312
138 265 190 304 30
844 272 1069 305 JOHANNIS
1096 271 1296 305 WYCLIF.
1598 254 1703 313 [CAP.
1716 265 1752 294 11.

427 380 544 429 Item,
590 392 687 418 cum
733 378 861 418 sancti
908 391 1016 431 pape
1061 387 1158 431 post
1203 386 1384 416 mortem
1431 389 1516 415 non
1570 374 1853 427 perdunth

426 448 675 502 dignitatem
724 447 911 501 capitalis
961 447 1175 501 regiminis
1227 461 1300 487 sue
1354 445 1538 496 ecclesie,
1589 431 1850 484 videtur¹32”

427 520 543 573 quod
578 529 753 559 manent
786 518 922 572 capita
955 518 1124 558 ecclesie
1158 532 1230 558 sue
1263 518 1305 557 in
1339 517 1490 571 patria3
1535 516 1604 555 illa
1640 514 1754 554 enim

427 589 606 643 dignitas
641 588 747 629 foret
778 588 860 627 illis
891 588 1090 627 laureola.
1138 589 1247 627 Nam
1280 587 1386 627 sicut
1419 586 1588 626 nullum
1621 598 1754 624 mem-

428 660 553 700 brum
585 659 756 699 ecclesie
789 667 927 712 potest
960 658 1149 698 desinere
1181 672 1270 697 esse
1303 656 1547 697 membrum
1570 654 1754 703 ecclesie,
1774 664 1790 696 5

427 729 483 769 sic
506 729 672 769 videtur
695 729 812 782 quod
835 728 1003 768 nullum
1026 736 1153 781 caput
1177 727 1468 780 cuiuscunque
1489 724 1753 778 particularis

427 799 597 840 ecclesie
630 808 770 853 potest
802 799 990 839 desinere
1038 812 1125 838 esse
1167 806 1293 851 caput
1337 796 1526 836 eiusdem
1572 795 1755 846 ecclesie,

428 879 467 909 et
512 883 584 922 per
629 882 909 922 consequens,
955 877 1054 908 sunt
1097 867 1212 907 mille
1255 865 1525 920 particulares
1570 864 1753 915 ecclesie,

429 953 610 993 quarum
652 939 787 992 capita
820 947 918 978 sunt
951 938 1189 978 multorum
1222 950 1430 990 paparum
1476 935 1623 989 capita.
1657 936 1757 975 Non

429 1023 528 1062 ergo
573 1019 633 1049 est
670 1023 817 1049 verum
851 1009 967 1062 quod
1000 1007 1124 1047 unica
1156 1016 1217 1048 est
1247 1016 1380 1047 mater
1425 1006 1596 1046 ecclesia
1638 1005 1756 1046 cuius
1777 1023 1816 1046 10

428 1089 596 1133 oportet
629 1092 928 1133 quemcunque
951 1079 1199 1118 Romanum
1222 1076 1468 1131 pontificem
1501 1090 1588 1116 esse
1618 1084 1755 1128 caput.

171 1160 275 1188 There
296 1169 377 1188 were
488 1151 605 1201 Item,
645 1159 838 1203 tempore
882 1159 978 1189 ante
1026 1148 1365 1188 incarnacionem
1410 1147 1581 1187 fuerunt
1624 1147 1794 1187 multee
1820 1153 1853 1187 E

135 1197 414 1259 iiissffiiifflri'ffliiciss
430 1220 700 1274 particulares
734 1219 904 1259 ecclesie
937 1233 1117 1273 quarum
1157 1218 1342 1272 quelibet
1387 1218 1470 1257 iam
1517 1226 1578 1257 est
1611 1217 1757 1256 eadem

135 1267 612 1341 1iiiitlivide‘irnfigatis?ecclesia,
654 1292 725 1330 sed
762 1290 1029 1343 triumphans
1068 1304 1149 1343 que
1182 1290 1400 1343 quondam
1449 1287 1526 1327 fuit
1558 1287 1756 1338 militans,

429 1371 468 1401 et
499 1361 665 1401 illarum
696 1361 838 1400 nullus
872 1362 1092 1400 Romanus
1126 1359 1315 1412 pontifex
1348 1358 1425 1398 fuit
1464 1367 1590 1411 caput
1622 1366 1757 1410 preter
1777 1364 1813 1396 15

430 1431 666 1482 Christum3
700 1445 775 1470 nec
809 1430 988 1470 dubium
1018 1430 1117 1484 quin
1152 1430 1220 1469 ille
1244 1428 1414 1468 ecclesie
1438 1428 1756 1482 distinguuntur

430 1502 479 1541 ab
512 1502 735 1541 universali
770 1501 941 1541 ecclesia
973 1510 1012 1541 et
1045 1501 1095 1539 ab
1129 1500 1217 1539 aliis
1262 1498 1580 1552 particularibus
1626 1499 1754 1538 eccle-

160 1583 313 1610 11101-es01·e
336 1583 384 1609 me
431 1573 519 1612 siis:
555 1586 653 1626 ergo
687 1572 819 1611 multe
853 1581 950 1611 sunt
972 1570 1241 1624 particulares
1265 1569 1447 1620 ecclesie,
1481 1578 1520 1608 et
1552 1583 1625 1622 per
1657 1582 1754 1608 con-

136 1620 298 1681 cssh'iffiss'
320 1619 413 1688 iil-¹1¹1„
431 1656 623 1696 sequens,
658 1656 739 1681 una
773 1641 1016 1681 universalis
1051 1640 1222 1680 ecclesia
1260 1654 1307 1679 ex
1340 1639 1396 1679 eis
1431 1639 1622 1690 collecta;
1675 1652 1756 1691 que

172 1698 197 1716 ¹³
220 1689 379 1760 “lfflssgfm
430 1713 506 1752 sub
540 1712 830 1752 iurisdiccione
864 1711 1020 1751 nullius
1043 1711 1150 1750 Petri
1184 1710 1324 1750 vicarii
1358 1719 1578 1763 tamquam
1611 1708 1756 1761 capitis
1775 1726 1816 1748 ρο

431 1793 528 1822 sunt
560 1782 756 1822 subiecte.
803 1783 900 1821 Non
941 1781 1055 1821 enim
1087 1790 1200 1834 patet
1245 1780 1397 1830 evasio,
1446 1780 1663 1833 loquendo
1708 1778 1758 1816 de

431 1853 722 1905 predestinatis
766 1851 958 1891 fidelibus
1010 1849 1080 1908 (de
1113 1864 1298 1905 quorum
1342 1863 1521 1889 numero
1566 1863 1653 1888 non
1697 1858 1757 1889 est

433 1921 660 1977 Christus),
693 1922 795 1976 quin
820 1921 990 1961 ecclesie
1012 1921 1081 1961 ille
1113 1920 1310 1960 differunt
1342 1921 1392 1960 ab
1426 1919 1619 1969 invicem,
1652 1919 1758 1958 sicut

432 1993 725 2033 multitudines
779 1992 947 2032 illarum
1000 2005 1279 2045 personarum
1332 1990 1651 2043 distinguuntur
1705 1989 1755 2028 ab

432 2064 626 2114 invicem,
672 2072 711 2103 et
743 2063 774 2102 si
808 2062 979 2102 ecclesia
1023 2062 1122 2101 dicit
1168 2070 1389 2115 aggregata
1433 2073 1505 2113 per
1551 2059 1815 2109 accidens,25

432 2142 533 2173 tunc
593 2133 662 2172 illa
719 2142 942 2186 aggregata
1000 2131 1317 2184 distinguuntur
1374 2139 1462 2169 tam
1519 2129 1757 2168 secundum

433 2203 617 2243 subiecta
665 2217 795 2256 quam
848 2203 1084 2242 secundum
1129 2201 1285 2241 formas
1341 2208 1582 2253 aggregatas
1634 2199 1759 2251 longe

433 2274 527 2326 plus
560 2287 690 2327 quam
721 2273 868 2312 Petrus
900 2272 1019 2311 albus
1061 2281 1100 2311 et
1132 2272 1276 2310 Petrus
1314 2270 1514 2310 musicus.
1560 2269 1601 2309 Si
1647 2268 1759 2308 enim

432 2344 546 2383 Deus
591 2352 791 2382 servasset
834 2351 970 2382 totam
1014 2341 1232 2382 ecclesiam
1275 2340 1526 2380 militantem
1568 2348 1759 2391 tempore

433 2413 633 2452 viacionis
667 2412 823 2452 Christi
856 2425 990 2465 usque
1022 2412 1148 2450 hodie
1180 2419 1499 2450 conversantem
1530 2409 1571 2447 in
1605 2408 1816 2461 Angli2130

435 2492 473 2522 et
517 2492 692 2523 creasset
727 2497 857 2522 novas
903 2481 1109 2532 ecclesias,
1157 2480 1264 2520 sicut
1321 2481 1371 2519 de
1419 2479 1528 2519 facto
1574 2479 1669 2518 fecit
1713 2478 1755 2517 in

436 2553 608 2593 Francia
651 2563 689 2593 et
733 2552 843 2604 alibi,
888 2561 988 2592 tunc
1040 2551 1408 2604 distinguerentur.
1463 2551 1603 2598 Quare
1656 2562 1755 2601 ergo

435 2624 566 2663 modo
608 2637 694 2662 non
739 2618 1079 2675 distinguuntur?
1129 2622 1338 2660 Notemus
1389 2633 1485 2672 ergo
1540 2618 1754 2658 ecclesiam

436 2707 565 2747 quam
598 2693 689 2732 talis
724 2692 862 2745 primo
896 2701 934 2731 et
967 2706 1038 2745 per
1070 2706 1112 2732 se
1146 2691 1262 2743 regit,
1298 2699 1336 2730 et
1369 2689 1603 2729 invenietur
1642 2689 1754 2742 quod

496 2878 523 2903 s».
547 2878 589 2904 A:
612 2877 688 2904 sicut
711 2877 840 2904 videtur.
971 2885 1010 2903 io.
1032 2876 1071 2902 13:
1094 2880 1137 2902 cst
1160 2883 1267 2902 unum.
1413 2882 1444 2900 ιι.
1470 2875 1515 2900 A:
1537 2880 1754 2908 quemcunque.

438 2932 481 2950 20.
500 2924 531 2950 ln
553 2923 644 2950 codd.
663 2924 880 2950 inre-diemout:
992 2924 1032 2950 215,
1056 2923 1094 2950 13:
1117 2923 1353 2951 distinccioneln
1380 2921 1416 2947 ab
1439 2920 1582 2948 invicem.
