2045 3312
282 250 372 279 CAP.
394 240 447 298 x.]
775 255 836 287 DE
863 254 1102 287 ECCLEsrA.

128 370 165 404 N
189 370 265 414 159⁶
280 360 331 398 ad
356 358 585 398 formaliter
605 368 729 412 atque
753 358 917 398 notorie
946 358 1197 398 antecedens
1225 358 1277 397 ad
1300 371 1602 411 quamcunque

280 429 475 469 iniuriam
508 438 570 469 est
600 428 817 468 licenciare
850 428 902 466 ad
924 428 1062 481 ipsam
1094 427 1311 479 iniuriam3
1346 436 1391 467 ut
1424 428 1455 466 si
1489 429 1601 467 Deus

281 501 351 539 dat
392 498 495 539 mihi
538 498 757 538 licenciam
789 498 841 538 ad
874 497 1154 550 frangendum
1200 506 1326 550 caput
1358 498 1602 552 presbyteri,

281 578 321 609 et
363 569 443 610 hoc
486 582 574 609 non
605 577 744 621 potest
775 567 863 607 fieri
895 567 982 607 sine
1016 567 1212 619 facinore,
1254 576 1355 607 tunc
1388 568 1501 607 Deus
1534 569 1603 608 dat

249 639 384 684 5mihi
428 639 644 680 licenciam
677 640 728 679 ad
767 638 927 679 facinus
960 639 1303 691 perpetrandum.
1341 637 1602 691 Correspon-

281 710 438 761 denter,
482 719 630 750 notato
675 709 874 749 scelerato
916 708 1095 762 fugitivo
1128 708 1369 761 quiescente
1413 708 1455 747 in
1488 708 1602 748 dicto

280 780 537 820 monasterio
581 794 679 820 cum
721 779 866 833 rapina
899 792 976 832 pro
1021 793 1099 818 suo
1143 788 1364 832 perpetuO,
1404 788 1604 832 queratur

278 850 329 889 ab
375 864 424 889 eo
468 851 534 890 vel
579 849 828 890 defendente
874 849 954 889 hoc
988 849 1269 903 privilegium,
1302 864 1325 889 a
1358 863 1444 903 quo
1478 849 1602 889 habet

279 920 499 960 licenciam
543 920 599 960 sic
643 920 863 974 pausandi.
926 919 970 959 Si
1002 919 1163 959 dicatur
1195 920 1309 973 quod
1344 933 1431 959 non
1464 919 1602 967 habet,

226 1012 264 1034 10
280 999 381 1030 tunc
424 990 587 1030 licitum
629 999 690 1030 est
722 989 999 1030 collacionem
1031 998 1117 1029 tam
1150 989 1338 1029 illicitam
1372 1003 1600 1029 removere.

280 1060 321 1099 Si
355 1061 518 1101 dicatur
550 1061 667 1115 quod
699 1074 721 1100 a
753 1074 848 1114 rege
871 1060 996 1099 habet
1017 1059 1135 1099 illam
1156 1060 1389 1111 licenciam,
1414 1060 1603 1114 sequitur

279 1144 378 1171 cum
409 1131 516 1171 veris
548 1132 665 1185 quod
694 1145 765 1170 rex
797 1130 989 1170 licenciat
1017 1131 1069 1170 ad
1092 1131 1342 1170 antecedens
1374 1131 1602 1170 formaliter

278 1202 330 1240 ad
374 1211 610 1255 peccatum,
656 1211 695 1241 et
738 1202 864 1254 longe
913 1200 1146 1241 coloracius
1178 1201 1259 1240 dici
1290 1201 1447 1254 poterit
1484 1202 1600 1254 quod

279 1285 345 1311 rex
378 1273 562 1326 legitime
593 1271 784 1312 licenciat
828 1273 879 1311 ad
911 1271 1191 1311 auferendum
1222 1271 1483 1324 temporalia,
1529 1272 1601 1310 sed

225 1354 262 1385 15
280 1342 397 1381 nullo
444 1343 576 1382 modo
609 1344 661 1382 ad
694 1342 934 1382 faciendum
966 1341 1163 1381 iniuriam
1204 1341 1455 1394 cuicunque,
1501 1355 1601 1380 nam

278 1412 438 1451 ablacio
483 1413 568 1453 fieri
617 1421 757 1466 potest
803 1412 991 1464 legitime
1024 1412 1095 1451 sed
1129 1426 1215 1451 non
1260 1412 1352 1452 talis
1394 1413 1598 1453 detencio.

336 1484 532 1523 Secundo
566 1482 742 1536 quesivi,
776 1482 807 1521 si
842 1482 1043 1535 fugitivus
1076 1482 1322 1521 huiusmodi
1362 1483 1497 1535 possit
1530 1497 1597 1522 ex-

278 1553 597 1605 communicari,
649 1554 752 1593 dum
798 1552 921 1593 fuerit
966 1552 1007 1591 in
1052 1553 1146 1592 loco
1188 1552 1259 1591 illo
1300 1567 1376 1605 pro
1416 1553 1599 1592 facinore

279 1626 456 1664 exterius
480 1632 733 1677 perpetrato,
766 1623 831 1662 vel
864 1623 895 1662 si
930 1623 1275 1663 excomunicatus
1310 1633 1423 1663 extra
1456 1623 1599 1664 locum

222 1716 263 1737 20
278 1702 317 1732 et
350 1693 513 1746 fugiens
546 1695 598 1733 ad
643 1694 783 1747 ipsum
817 1707 868 1732 ne
907 1693 1061 1733 virtute
1106 1693 1239 1732 brevis
1272 1693 1370 1746 regii
1412 1694 1601 1746 capiatur

277 1764 327 1802 ad
361 1778 581 1816 carcerem,
627 1765 795 1805 habebit
828 1765 869 1804 in
903 1764 1015 1804 dicto
1049 1764 1308 1804 monasterio
1341 1762 1599 1805 libertatem?

279 1834 332 1873 Et
383 1835 544 1874 dictum
589 1844 650 1875 est
693 1835 795 1874 mihi
842 1834 956 1888 quod
1001 1848 1101 1885 non,
1135 1834 1232 1887 quia
1264 1834 1376 1886 leges
1414 1835 1599 1874 humane

278 1918 365 1943 non
389 1906 590 1958 derogant
622 1905 784 1957 legibus
817 1914 856 1944 et
889 1904 965 1943 iuri
1001 1904 1183 1955 ecclesie,
1218 1913 1258 1943 et
1290 1904 1523 1956 specialiter
1555 1914 1600 1944 ut

279 1974 677 2014 inobedientissimis
717 1973 1137 2014 excommunicandis
1181 1983 1423 2026 apponatur
1459 1975 1598 2014 anime

220 2056 259 2087 25
279 2045 507 2095 medicina3
551 2045 667 2085 aliter
699 2045 812 2085 enim
843 2045 983 2085 liceret
1015 2045 1232 2084 excludere
1266 2053 1305 2084 et
1337 2045 1598 2098 privilegiare

277 2115 548 2168 spiritualiter
594 2115 826 2168 infirmum,
875 2124 920 2155 ut
963 2115 1175 2154 sordescat
1219 2115 1261 2154 in
1310 2115 1482 2155 crimine
1523 2129 1597 2154 nec

276 2186 451 2239 accipiat
483 2186 794 2226 correccionem
823 2186 873 2225 ab
906 2185 1100 2233 homine3
1134 2185 1250 2238 quod
1284 2198 1381 2225 cum
1414 2186 1466 2226 sit
1499 2200 1597 2225 con-

275 2264 335 2295 tra
378 2257 515 2310 legem
560 2256 841 2309 correpcionis
891 2255 1083 2307 fraterne,
1116 2256 1291 2296 Matthei
1324 2256 1494 2308 XV1110‚
1536 2258 1597 2307 15,

277 2325 321 2364 Si
344 2327 599 2378 peccaverit
629 2328 671 2366 in
702 2333 740 2366 te
759 2327 918 2380 frater
937 2334 1038 2366 tuus
1067 2331 1160 2375 etc„
1184 2326 1458 2366 manifestum
1479 2326 1593 2366 vide-

219 2404 342 2437 30tur
385 2397 502 2450 quod
546 2396 638 2436 talis
684 2396 872 2436 defensio
917 2410 1003 2435 non
1048 2396 1173 2436 habet
1217 2396 1484 2451 privilegium
1526 2398 1597 2436 sed

275 2466 552 2519 pravilegium
585 2466 842 2506 Antichristi.
876 2467 1035 2506 Ymmo
1063 2480 1161 2506 cum
1193 2467 1286 2506 talis
1319 2467 1371 2506 sit
1402 2468 1525 2520 plene
1559 2476 1598 2506 et

276 2549 363 2574 non
417 2536 559 2576 minus
602 2535 993 2576 excommunicatus
1045 2551 1068 2576 a
1112 2536 1217 2588 Deo,
1266 2550 1353 2576 non
1403 2537 1596 2577 obstante

275 2607 390 2659 quod
444 2607 653 2646 sentencia
707 2621 792 2646 non
847 2607 897 2646 sit
941 2607 1021 2646 lata
1065 2608 1116 2646 ab
1167 2607 1354 2655 homine,
1407 2608 1598 2661 sequitur

329 2809 369 2828 ιο.
391 2803 419 2828 Α
434 2803 490 2836 Al:
513 2802 728 2829 cubacionem.
840 2803 880 2829 16.
897 2802 936 2829 B:
954 2802 1005 2829 sed
1022 2809 1084 2829 non
1101 2807 1146 2829 est
1162 2802 1230 2829 talis
1246 2802 1400 2829 detencio.
1506 2810 1545 2837 ¹7-
1567 2803 1594 2828 A

274 2855 305 2874 ln
328 2855 442 2882 marga
464 2847 607 2876 Secunda
627 2849 758 2884 questio.
898 2857 942 2875 20.
965 2849 1056 2876 breve
1077 2849 1096 2876 i.
1119 2857 1143 2875 e.
1166 2850 1358 2876 mandatum.
1503 2856 1545 2875 22.
1568 2851 1595 2875 A

275 2894 303 2921 in
326 2902 442 2929 marg:
464 2893 650 2930 Responsio.
796 2894 841 2923 28.
864 2895 885 2922 B
907 2896 936 2922 in
960 2904 1075 2932 marg:
1098 2895 1201 2923 Matth.
1224 2895 1302 2923 VllI.

1626 1487 1772 1515 Another
1792 1495 1874 1514 case.
