<?xml version="1.0" encoding="UTF-8"?>
<!DOCTYPE html PUBLIC "-//W3C//DTD XHTML 1.0 Transitional//EN"
    "http://www.w3.org/TR/xhtml1/DTD/xhtml1-transitional.dtd">
<html xmlns="http://www.w3.org/1999/xhtml" xml:lang="en" lang="en">
 <head>
  <title>
</title>
<meta http-equiv="Content-Type" content="text/html;charset=utf-8" />
  <meta name='ocr-system' content='tesseract 3.04.00' />
  <meta name='ocr-capabilities' content='ocr_page ocr_carea ocr_par ocr_line ocrx_word'/>
</head>
<body>
  <div class='ocr_page' id='page_1' title='image "./iohanniswycliftr04wycl_0193.png"; bbox 0 0 2045 3312; ppageno 0'>
   <div class='ocr_carea' id='block_1_1' title="bbox 269 255 1878 314">
    <p class='ocr_par' dir='ltr' id='par_1_1' title="bbox 269 255 1878 314">
     <span class='ocr_line' id='line_1_1' title="bbox 269 255 1878 314; baseline -0.001 -12"><span class='ocrx_word' id='word_1_1' title='bbox 269 266 359 297; x_wconf 77' lang='lat' dir='ltr'>CAP.</span> <span class='ocrx_word' id='word_1_2' title='bbox 381 255 466 314; x_wconf 61' lang='grc' dir='ltr'>νη]</span> <span class='ocrx_word' id='word_1_3' title='bbox 770 270 830 302; x_wconf 90' lang='lat' dir='ltr'>DE</span> <span class='ocrx_word' id='word_1_4' title='bbox 857 269 1093 302; x_wconf 82' lang='lat' dir='ltr'><strong>ECCLESIA.</strong></span> <span class='ocrx_word' id='word_1_5' title='bbox 1805 261 1878 300; x_wconf 85' lang='lat'>155</span> 
     </span>
    </p>
   </div>
   <div class='ocr_carea' id='block_1_2' title="bbox 115 374 1885 2329">
    <p class='ocr_par' dir='ltr' id='par_1_2' title="bbox 115 374 1885 2329">
     <span class='ocr_line' id='line_1_2' title="bbox 115 374 1593 431; baseline -0.002 -12"><span class='ocrx_word' id='word_1_6' title='bbox 115 386 252 420; x_wconf 71' lang='lat' dir='ltr'>N15o‘¹</span> <span class='ocrx_word' id='word_1_7' title='bbox 268 387 307 418; x_wconf 89' lang='lat' dir='ltr'>et</span> <span class='ocrx_word' id='word_1_8' title='bbox 347 390 419 431; x_wconf 87' lang='lat' dir='ltr'>per</span> <span class='ocrx_word' id='word_1_9' title='bbox 458 388 722 429; x_wconf 90' lang='lat' dir='ltr'>consequens</span> <span class='ocrx_word' id='word_1_10' title='bbox 775 374 882 414; x_wconf 88' lang='lat' dir='ltr'>foret</span> <span class='ocrx_word' id='word_1_11' title='bbox 920 375 1028 415; x_wconf 88' lang='lat' dir='ltr'>clero</span> <span class='ocrx_word' id='word_1_12' title='bbox 1068 389 1271 427; x_wconf 88' lang='lat' dir='ltr'>magnum</span> <span class='ocrx_word' id='word_1_13' title='bbox 1324 376 1593 430; x_wconf 85' lang='lat' dir='ltr'>privilegium</span> 
     </span>
     <span class='ocr_line' id='line_1_3' title="bbox 268 444 1591 503; baseline -0.001 -15"><span class='ocrx_word' id='word_1_14' title='bbox 268 449 386 503; x_wconf 86' lang='lat' dir='ltr'>quod</span> <span class='ocrx_word' id='word_1_15' title='bbox 417 445 626 487; x_wconf 90' lang='lat' dir='ltr'>adiutorio</span> <span class='ocrx_word' id='word_1_16' title='bbox 656 444 932 485; x_wconf 89' lang='lat' dir='ltr'>dominorum</span> <span class='ocrx_word' id='word_1_17' title='bbox 963 445 1267 498; x_wconf 80' lang='lat' dir='ltr'>temporalium</span> <span class='ocrx_word' id='word_1_18' title='bbox 1299 444 1406 486; x_wconf 90' lang='lat' dir='ltr'>foret</span> <span class='ocrx_word' id='word_1_19' title='bbox 1439 461 1591 487; x_wconf 91' lang='lat' dir='ltr'>exone-</span> 
     </span>
     <span class='ocr_line' id='line_1_4' title="bbox 268 514 1590 571; baseline -0.002 -12"><span class='ocrx_word' id='word_1_20' title='bbox 268 529 383 559; x_wconf 87' lang='lat' dir='ltr'>ratus</span> <span class='ocrx_word' id='word_1_21' title='bbox 420 517 470 557; x_wconf 91' lang='lat' dir='ltr'>ab</span> <span class='ocrx_word' id='word_1_22' title='bbox 508 515 595 555; x_wconf 89' lang='lat' dir='ltr'>istis</span> <span class='ocrx_word' id='word_1_23' title='bbox 629 514 869 555; x_wconf 85' lang='lat' dir='ltr'><strong>cerimoniis</strong></span> <span class='ocrx_word' id='word_1_24' title='bbox 901 515 1149 555; x_wconf 89' lang='lat' dir='ltr'>humanitus</span> <span class='ocrx_word' id='word_1_25' title='bbox 1182 515 1446 569; x_wconf 84' lang='lat' dir='ltr'>introductis,</span> <span class='ocrx_word' id='word_1_26' title='bbox 1494 532 1590 571; x_wconf 90' lang='lat' dir='ltr'>pro-</span> 
     </span>
     <span class='ocr_line' id='line_1_5' title="bbox 269 585 1592 642; baseline 0 -15"><span class='ocrx_word' id='word_1_27' title='bbox 269 588 470 642; x_wconf 86' lang='lat' dir='ltr'>pinquius</span> <span class='ocrx_word' id='word_1_28' title='bbox 503 586 721 639; x_wconf 89' lang='lat' dir='ltr'>sequendo</span> <span class='ocrx_word' id='word_1_29' title='bbox 774 585 993 626; x_wconf 85' lang='lat' dir='ltr'><strong>Christum</strong></span> <span class='ocrx_word' id='word_1_30' title='bbox 1024 600 1128 639; x_wconf 90' lang='lat' dir='ltr'>pure</span> <span class='ocrx_word' id='word_1_31' title='bbox 1161 587 1397 627; x_wconf 90' lang='lat' dir='ltr'>secundum</span> <span class='ocrx_word' id='word_1_32' title='bbox 1428 588 1592 642; x_wconf 86' lang='lat' dir='ltr'>regulas</span> 
     </span>
     <span class='ocr_line' id='line_1_6' title="bbox 239 655 1593 712; baseline 0 -14"><span class='ocrx_word' id='word_1_33' title='bbox 239 655 477 712; x_wconf 82' lang='lat' dir='ltr'>5primevas</span> <span class='ocrx_word' id='word_1_34' title='bbox 522 670 545 695; x_wconf 89' lang='lat' dir='ltr'>a</span> <span class='ocrx_word' id='word_1_35' title='bbox 591 655 760 696; x_wconf 89' lang='lat' dir='ltr'>Christo</span> <span class='ocrx_word' id='word_1_36' title='bbox 805 657 989 697; x_wconf 89' lang='lat' dir='ltr'>traditas.</span> <span class='ocrx_word' id='word_1_37' title='bbox 1036 657 1081 696; x_wconf 91' lang='lat' dir='ltr'>In</span> <span class='ocrx_word' id='word_1_38' title='bbox 1125 657 1207 697; x_wconf 89' lang='lat' dir='ltr'>hoc</span> <span class='ocrx_word' id='word_1_39' title='bbox 1241 657 1355 697; x_wconf 90' lang='lat' dir='ltr'>enim</span> <span class='ocrx_word' id='word_1_40' title='bbox 1388 658 1593 698; x_wconf 84' lang='lat' dir='ltr'>habemus</span> 
     </span>
     <span class='ocr_line' id='line_1_7' title="bbox 229 727 1885 798; baseline 0.002 -30"><span class='ocrx_word' id='word_1_41' title='bbox 229 740 397 781; x_wconf 82' lang='lat' dir='ltr'>bsupra</span> <span class='ocrx_word' id='word_1_42' title='bbox 428 728 572 781; x_wconf 82' lang='lat' dir='ltr'>laycos</span> <span class='ocrx_word' id='word_1_43' title='bbox 604 727 871 780; x_wconf 73' lang='lat' dir='ltr'>privilegium</span> <span class='ocrx_word' id='word_1_44' title='bbox 906 727 1128 780; x_wconf 79' lang='lat' dir='ltr'>singulare.</span> <span class='ocrx_word' id='word_1_45' title='bbox 1182 728 1390 769; x_wconf 81' lang='lat' dir='ltr'>Mirantur</span> <span class='ocrx_word' id='word_1_46' title='bbox 1421 729 1594 782; x_wconf 83' lang='lat' dir='ltr'>insuper</span> <span class='ocrx_word' id='word_1_47' title='bbox 1608 734 1779 798; x_wconf 64' lang='lat' dir='ltr'>T1¹¹1ea1iiiiis⁵</span> <span class='ocrx_word' id='word_1_48' title='bbox 1794 740 1885 798; x_wconf 41' lang='lat' dir='ltr'>(5stth</span> 
     </span>
     <span class='ocr_line' id='line_1_8' title="bbox 270 783 1884 869; baseline 0.001 -31"><span class='ocrx_word' id='word_1_49' title='bbox 270 798 474 838; x_wconf 88' lang='lat' dir='ltr'>seculares</span> <span class='ocrx_word' id='word_1_50' title='bbox 520 798 742 851; x_wconf 90' lang='lat' dir='ltr'>quomodo</span> <span class='ocrx_word' id='word_1_51' title='bbox 775 811 862 838; x_wconf 92' lang='lat' dir='ltr'>non</span> <span class='ocrx_word' id='word_1_52' title='bbox 906 797 1001 838; x_wconf 91' lang='lat' dir='ltr'>licet</span> <span class='ocrx_word' id='word_1_53' title='bbox 1034 798 1090 838; x_wconf 93' lang='lat' dir='ltr'>eis</span> <span class='ocrx_word' id='word_1_54' title='bbox 1136 799 1451 839; x_wconf 85' lang='lat' dir='ltr'>communicare</span> <span class='ocrx_word' id='word_1_55' title='bbox 1495 813 1594 839; x_wconf 87' lang='lat' dir='ltr'>cum</span> <span class='ocrx_word' id='word_1_56' title='bbox 1617 783 1884 869; x_wconf 48' lang='grc' dir='ltr'>εξσοωηὲωέἰερξζ</span> 
     </span>
     <span class='ocr_line' id='line_1_9' title="bbox 271 849 1884 923; baseline -0.004 -14"><span class='ocrx_word' id='word_1_57' title='bbox 271 867 639 909; x_wconf 86' lang='lat' dir='ltr'>excommunicato</span> <span class='ocrx_word' id='word_1_58' title='bbox 684 882 707 908; x_wconf 88' lang='lat' dir='ltr'>a</span> <span class='ocrx_word' id='word_1_59' title='bbox 754 868 968 909; x_wconf 81' lang='lat' dir='ltr'>sacerdote</span> <span class='ocrx_word' id='word_1_60' title='bbox 1014 882 1091 922; x_wconf 92' lang='lat' dir='ltr'>pro</span> <span class='ocrx_word' id='word_1_61' title='bbox 1129 878 1283 923; x_wconf 86' lang='lat' dir='ltr'>questu</span> <span class='ocrx_word' id='word_1_62' title='bbox 1317 883 1394 909; x_wconf 91' lang='lat' dir='ltr'>suo</span> <span class='ocrx_word' id='word_1_63' title='bbox 1426 870 1493 909; x_wconf 77' lang='lat' dir='ltr'>vel</span> <span class='ocrx_word' id='word_1_64' title='bbox 1525 849 1622 909; x_wconf 80' lang='lat' dir='ltr'>ex-e</span> <span class='ocrx_word' id='word_1_65' title='bbox 1674 849 1786 903; x_wconf 49' lang='lat' dir='ltr'>peifaan.</span> <span class='ocrx_word' id='word_1_66' title='bbox 1834 849 1884 868; x_wconf 49' lang='grc' dir='ltr'>ω</span> 
     </span>
     <span class='ocr_line' id='line_1_10' title="bbox 272 937 1594 992; baseline 0 -14"><span class='ocrx_word' id='word_1_67' title='bbox 272 938 467 978; x_wconf 86' lang='lat' dir='ltr'>cellencia</span> <span class='ocrx_word' id='word_1_68' title='bbox 503 937 692 990; x_wconf 90' lang='lat' dir='ltr'>seculari,</span> <span class='ocrx_word' id='word_1_69' title='bbox 727 946 767 978; x_wconf 89' lang='lat' dir='ltr'>et</span> <span class='ocrx_word' id='word_1_70' title='bbox 799 939 879 978; x_wconf 89' lang='lat' dir='ltr'>hoc</span> <span class='ocrx_word' id='word_1_71' title='bbox 903 939 980 979; x_wconf 86' lang='lat' dir='ltr'>sub</span> <span class='ocrx_word' id='word_1_72' title='bbox 1003 953 1112 992; x_wconf 89' lang='lat' dir='ltr'>pena</span> <span class='ocrx_word' id='word_1_73' title='bbox 1135 939 1594 980; x_wconf 80' lang='lat' dir='ltr'>excommunicacionis</span> 
     </span>
     <span class='ocr_line' id='line_1_11' title="bbox 218 1008 1594 1063; baseline 0.001 -15"><span class='ocrx_word' id='word_1_74' title='bbox 218 1031 256 1053; x_wconf 85' lang='lat'>10</span> <span class='ocrx_word' id='word_1_75' title='bbox 272 1008 457 1061; x_wconf 85' lang='lat' dir='ltr'>maioris,</span> <span class='ocrx_word' id='word_1_76' title='bbox 503 1008 599 1049; x_wconf 85' lang='lat' dir='ltr'>licet</span> <span class='ocrx_word' id='word_1_77' title='bbox 645 1018 788 1049; x_wconf 89' lang='lat' dir='ltr'>autem</span> <span class='ocrx_word' id='word_1_78' title='bbox 831 1009 1147 1050; x_wconf 90' lang='lat' dir='ltr'>communicare</span> <span class='ocrx_word' id='word_1_79' title='bbox 1191 1024 1289 1050; x_wconf 88' lang='lat' dir='ltr'>cum</span> <span class='ocrx_word' id='word_1_80' title='bbox 1328 1010 1494 1063; x_wconf 84' lang='lat' dir='ltr'>gravius</span> <span class='ocrx_word' id='word_1_81' title='bbox 1527 1024 1594 1050; x_wconf 90' lang='lat' dir='ltr'>ex-</span> 
     </span>
     <span class='ocr_line' id='line_1_12' title="bbox 273 1079 1597 1134; baseline 0.001 -15"><span class='ocrx_word' id='word_1_82' title='bbox 273 1079 597 1119; x_wconf 77' lang='lat' dir='ltr'>communicatis</span> <span class='ocrx_word' id='word_1_83' title='bbox 641 1094 664 1119; x_wconf 88' lang='lat' dir='ltr'>a</span> <span class='ocrx_word' id='word_1_84' title='bbox 708 1080 798 1120; x_wconf 94' lang='lat' dir='ltr'>Deo</span> <span class='ocrx_word' id='word_1_85' title='bbox 847 1080 936 1120; x_wconf 90' lang='lat' dir='ltr'>sine</span> <span class='ocrx_word' id='word_1_86' title='bbox 980 1080 1206 1120; x_wconf 89' lang='lat' dir='ltr'>inferencia</span> <span class='ocrx_word' id='word_1_87' title='bbox 1244 1089 1358 1121; x_wconf 88' lang='lat' dir='ltr'>tante</span> <span class='ocrx_word' id='word_1_88' title='bbox 1397 1094 1517 1134; x_wconf 89' lang='lat' dir='ltr'>pene,</span> <span class='ocrx_word' id='word_1_89' title='bbox 1550 1090 1597 1121; x_wconf 88' lang='lat' dir='ltr'>ut</span> 
     </span>
     <span class='ocr_line' id='line_1_13' title="bbox 274 1149 1595 1203; baseline 0.002 -15"><span class='ocrx_word' id='word_1_90' title='bbox 274 1158 388 1203; x_wconf 80' lang='lat' dir='ltr'>patet</span> <span class='ocrx_word' id='word_1_91' title='bbox 431 1150 482 1189; x_wconf 92' lang='lat' dir='ltr'>de</span> <span class='ocrx_word' id='word_1_92' title='bbox 527 1149 783 1203; x_wconf 77' lang='lat' dir='ltr'>simoniacis,</span> <span class='ocrx_word' id='word_1_93' title='bbox 831 1152 881 1190; x_wconf 90' lang='lat' dir='ltr'>de</span> <span class='ocrx_word' id='word_1_94' title='bbox 926 1151 1140 1191; x_wconf 81' lang='lat' dir='ltr'>sacerdote</span> <span class='ocrx_word' id='word_1_95' title='bbox 1178 1150 1402 1191; x_wconf 87' lang='lat' dir='ltr'>fornicario</span> <span class='ocrx_word' id='word_1_96' title='bbox 1436 1151 1595 1191; x_wconf 85' lang='lat' dir='ltr'>eteius</span> 
     </span>
     <span class='ocr_line' id='line_1_14' title="bbox 275 1220 1597 1275; baseline 0.001 -16"><span class='ocrx_word' id='word_1_97' title='bbox 275 1220 444 1261; x_wconf 80' lang='lat' dir='ltr'>amasia.</span> <span class='ocrx_word' id='word_1_98' title='bbox 490 1221 649 1260; x_wconf 85' lang='lat' dir='ltr'>Ymmo</span> <span class='ocrx_word' id='word_1_99' title='bbox 688 1221 785 1261; x_wconf 91' lang='lat' dir='ltr'>licet</span> <span class='ocrx_word' id='word_1_100' title='bbox 818 1221 1046 1261; x_wconf 80' lang='lat' dir='ltr'>cardinales</span> <span class='ocrx_word' id='word_1_101' title='bbox 1078 1230 1300 1275; x_wconf 81' lang='lat' dir='ltr'>tamquam</span> <span class='ocrx_word' id='word_1_102' title='bbox 1330 1221 1499 1261; x_wconf 82' lang='lat' dir='ltr'>heretici</span> <span class='ocrx_word' id='word_1_103' title='bbox 1531 1221 1597 1260; x_wconf 90' lang='lat' dir='ltr'>vel</span> 
     </span>
     <span class='ocr_line' id='line_1_15' title="bbox 276 1290 1597 1344; baseline 0.001 -14"><span class='ocrx_word' id='word_1_104' title='bbox 276 1290 500 1330; x_wconf 86' lang='lat' dir='ltr'>scismatici</span> <span class='ocrx_word' id='word_1_105' title='bbox 533 1290 614 1330; x_wconf 90' lang='lat' dir='ltr'>sint</span> <span class='ocrx_word' id='word_1_106' title='bbox 643 1291 763 1330; x_wconf 83' lang='lat' dir='ltr'>divisi</span> <span class='ocrx_word' id='word_1_107' title='bbox 796 1306 819 1331; x_wconf 89' lang='lat' dir='ltr'>a</span> <span class='ocrx_word' id='word_1_108' title='bbox 851 1291 998 1344; x_wconf 84' lang='lat' dir='ltr'>capite,</span> <span class='ocrx_word' id='word_1_109' title='bbox 1022 1300 1164 1332; x_wconf 88' lang='lat' dir='ltr'>tamen</span> <span class='ocrx_word' id='word_1_110' title='bbox 1188 1291 1368 1331; x_wconf 88' lang='lat' dir='ltr'>dicimus</span> <span class='ocrx_word' id='word_1_111' title='bbox 1391 1292 1597 1331; x_wconf 81' lang='lat' dir='ltr'>seculares</span> 
     </span>
     <span class='ocr_line' id='line_1_16' title="bbox 221 1360 1597 1412; baseline 0 -12"><span class='ocrx_word' id='word_1_112' title='bbox 221 1360 796 1412; x_wconf 74' lang='lat' dir='ltr'>15excommunicatissimos,</span> <span class='ocrx_word' id='word_1_113' title='bbox 831 1361 863 1400; x_wconf 93' lang='lat' dir='ltr'>si</span> <span class='ocrx_word' id='word_1_114' title='bbox 896 1362 946 1400; x_wconf 91' lang='lat' dir='ltr'>ab</span> <span class='ocrx_word' id='word_1_115' title='bbox 980 1361 1037 1401; x_wconf 87' lang='lat' dir='ltr'>eis</span> <span class='ocrx_word' id='word_1_116' title='bbox 1071 1361 1317 1402; x_wconf 81' lang='lat' dir='ltr'>subtrahant</span> <span class='ocrx_word' id='word_1_117' title='bbox 1345 1361 1597 1402; x_wconf 86' lang='lat' dir='ltr'>elemosinas</span> 
     </span>
     <span class='ocr_line' id='line_1_17' title="bbox 275 1431 1596 1485; baseline 0.001 -14"><span class='ocrx_word' id='word_1_118' title='bbox 275 1445 369 1471; x_wconf 87' lang='lat' dir='ltr'>suas</span> <span class='ocrx_word' id='word_1_119' title='bbox 420 1445 502 1485; x_wconf 90' lang='lat' dir='ltr'>que</span> <span class='ocrx_word' id='word_1_120' title='bbox 554 1440 651 1471; x_wconf 88' lang='lat' dir='ltr'>sunt</span> <span class='ocrx_word' id='word_1_121' title='bbox 701 1432 811 1471; x_wconf 87' lang='lat' dir='ltr'>bona</span> <span class='ocrx_word' id='word_1_122' title='bbox 866 1445 1118 1485; x_wconf 86' lang='lat' dir='ltr'>pauperum,</span> <span class='ocrx_word' id='word_1_123' title='bbox 1176 1432 1271 1472; x_wconf 86' lang='lat' dir='ltr'>licet</span> <span class='ocrx_word' id='word_1_124' title='bbox 1322 1431 1596 1472; x_wconf 89' lang='lat' dir='ltr'>iniustissime</span> 
     </span>
     <span class='ocr_line' id='line_1_18' title="bbox 273 1501 1598 1557; baseline 0.002 -17"><span class='ocrx_word' id='word_1_125' title='bbox 273 1501 391 1554; x_wconf 90' lang='lat' dir='ltr'>peius</span> <span class='ocrx_word' id='word_1_126' title='bbox 435 1501 694 1555; x_wconf 87' lang='lat' dir='ltr'>predonibus</span> <span class='ocrx_word' id='word_1_127' title='bbox 739 1511 949 1555; x_wconf 88' lang='lat' dir='ltr'>occupent</span> <span class='ocrx_word' id='word_1_128' title='bbox 981 1502 1128 1544; x_wconf 85' lang='lat' dir='ltr'>aliena.</span> <span class='ocrx_word' id='word_1_129' title='bbox 1185 1502 1301 1542; x_wconf 87' lang='lat' dir='ltr'>Licet</span> <span class='ocrx_word' id='word_1_130' title='bbox 1345 1511 1489 1543; x_wconf 86' lang='lat' dir='ltr'>autem</span> <span class='ocrx_word' id='word_1_131' title='bbox 1534 1502 1598 1557; x_wconf 86' lang='lat' dir='ltr'>(ut</span> 
     </span>
     <span class='ocr_line' id='line_1_19' title="bbox 273 1571 1597 1627; baseline 0.002 -17"><span class='ocrx_word' id='word_1_132' title='bbox 273 1571 472 1625; x_wconf 90' lang='lat' dir='ltr'>inquiunt</span> <span class='ocrx_word' id='word_1_133' title='bbox 515 1572 558 1611; x_wconf 89' lang='lat' dir='ltr'>in</span> <span class='ocrx_word' id='word_1_134' title='bbox 590 1571 992 1627; x_wconf 77' lang='lat' dir='ltr'>westmonasterio)</span> <span class='ocrx_word' id='word_1_135' title='bbox 1038 1574 1354 1614; x_wconf 86' lang='lat' dir='ltr'>communicare</span> <span class='ocrx_word' id='word_1_136' title='bbox 1393 1587 1492 1613; x_wconf 91' lang='lat' dir='ltr'>cum</span> <span class='ocrx_word' id='word_1_137' title='bbox 1529 1587 1597 1613; x_wconf 89' lang='lat' dir='ltr'>ex-</span> 
     </span>
     <span class='ocr_line' id='line_1_20' title="bbox 275 1642 1598 1696; baseline 0.001 -15"><span class='ocrx_word' id='word_1_138' title='bbox 275 1642 543 1682; x_wconf 88' lang='lat' dir='ltr'>comunicato</span> <span class='ocrx_word' id='word_1_139' title='bbox 596 1644 737 1696; x_wconf 85' lang='lat' dir='ltr'>quoad</span> <span class='ocrx_word' id='word_1_140' title='bbox 769 1644 908 1682; x_wconf 93' lang='lat' dir='ltr'>Deum</span> <span class='ocrx_word' id='word_1_141' title='bbox 940 1643 1106 1683; x_wconf 87' lang='lat' dir='ltr'>racione</span> <span class='ocrx_word' id='word_1_142' title='bbox 1145 1643 1297 1684; x_wconf 86' lang='lat' dir='ltr'>iniuste</span> <span class='ocrx_word' id='word_1_143' title='bbox 1338 1644 1598 1683; x_wconf 88' lang='lat' dir='ltr'>detencionis</span> 
     </span>
     <span class='ocr_line' id='line_1_21' title="bbox 219 1712 1598 1767; baseline 0.001 -16"><span class='ocrx_word' id='word_1_144' title='bbox 219 1735 259 1756; x_wconf 80' lang='lat'>20</span> <span class='ocrx_word' id='word_1_145' title='bbox 276 1713 402 1752; x_wconf 85' lang='lat' dir='ltr'>debiti</span> <span class='ocrx_word' id='word_1_146' title='bbox 434 1714 499 1752; x_wconf 84' lang='lat' dir='ltr'>vel</span> <span class='ocrx_word' id='word_1_147' title='bbox 531 1712 683 1753; x_wconf 89' lang='lat' dir='ltr'>iniuste</span> <span class='ocrx_word' id='word_1_148' title='bbox 716 1713 938 1753; x_wconf 89' lang='lat' dir='ltr'>occisionis</span> <span class='ocrx_word' id='word_1_149' title='bbox 967 1714 1161 1767; x_wconf 84' lang='lat' dir='ltr'>proximi,</span> <span class='ocrx_word' id='word_1_150' title='bbox 1196 1714 1327 1754; x_wconf 87' lang='lat' dir='ltr'>eciam</span> <span class='ocrx_word' id='word_1_151' title='bbox 1351 1714 1598 1754; x_wconf 87' lang='lat' dir='ltr'>sustinendo</span> 
     </span>
     <span class='ocr_line' id='line_1_22' title="bbox 276 1782 1599 1835; baseline 0.001 -13"><span class='ocrx_word' id='word_1_152' title='bbox 276 1796 376 1822; x_wconf 89' lang='lat' dir='ltr'>eum</span> <span class='ocrx_word' id='word_1_153' title='bbox 406 1782 449 1822; x_wconf 88' lang='lat' dir='ltr'>in</span> <span class='ocrx_word' id='word_1_154' title='bbox 481 1797 556 1823; x_wconf 88' lang='lat' dir='ltr'>sua</span> <span class='ocrx_word' id='word_1_155' title='bbox 588 1783 765 1835; x_wconf 81' lang='lat' dir='ltr'>malicia,</span> <span class='ocrx_word' id='word_1_156' title='bbox 800 1784 871 1823; x_wconf 89' lang='lat' dir='ltr'>sed</span> <span class='ocrx_word' id='word_1_157' title='bbox 903 1784 1017 1824; x_wconf 89' lang='lat' dir='ltr'>laicis</span> <span class='ocrx_word' id='word_1_158' title='bbox 1047 1798 1133 1824; x_wconf 91' lang='lat' dir='ltr'>non</span> <span class='ocrx_word' id='word_1_159' title='bbox 1165 1785 1262 1824; x_wconf 90' lang='lat' dir='ltr'>licet</span> <span class='ocrx_word' id='word_1_160' title='bbox 1284 1784 1599 1824; x_wconf 84' lang='lat' dir='ltr'>communicare</span> 
     </span>
     <span class='ocr_line' id='line_1_23' title="bbox 276 1853 1596 1908; baseline 0.001 -17"><span class='ocrx_word' id='word_1_161' title='bbox 276 1866 375 1892; x_wconf 86' lang='lat' dir='ltr'>cum</span> <span class='ocrx_word' id='word_1_162' title='bbox 398 1853 540 1893; x_wconf 84' lang='lat' dir='ltr'>minus</span> <span class='ocrx_word' id='word_1_163' title='bbox 564 1854 941 1894; x_wconf 81' lang='lat' dir='ltr'>excommunicatis</span> <span class='ocrx_word' id='word_1_164' title='bbox 974 1854 1025 1893; x_wconf 85' lang='lat' dir='ltr'>ab</span> <span class='ocrx_word' id='word_1_165' title='bbox 1058 1854 1115 1894; x_wconf 87' lang='lat' dir='ltr'>eis</span> <span class='ocrx_word' id='word_1_166' title='bbox 1148 1868 1225 1908; x_wconf 90' lang='lat' dir='ltr'>pro</span> <span class='ocrx_word' id='word_1_167' title='bbox 1259 1854 1381 1894; x_wconf 88' lang='lat' dir='ltr'>bonis</span> <span class='ocrx_word' id='word_1_168' title='bbox 1414 1854 1596 1893; x_wconf 89' lang='lat' dir='ltr'>ecclesie.</span> 
     </span>
     <span class='ocr_line' id='line_1_24' title="bbox 277 1922 1599 1978; baseline 0.002 -17"><span class='ocrx_word' id='word_1_169' title='bbox 277 1922 399 1962; x_wconf 86' lang='lat' dir='ltr'>Talia</span> <span class='ocrx_word' id='word_1_170' title='bbox 441 1931 584 1962; x_wconf 89' lang='lat' dir='ltr'>autem</span> <span class='ocrx_word' id='word_1_171' title='bbox 628 1924 762 1963; x_wconf 90' lang='lat' dir='ltr'>multa</span> <span class='ocrx_word' id='word_1_172' title='bbox 811 1924 1084 1964; x_wconf 84' lang='lat' dir='ltr'>deliramenta</span> <span class='ocrx_word' id='word_1_173' title='bbox 1128 1924 1349 1977; x_wconf 86' lang='lat' dir='ltr'>finguntur</span> <span class='ocrx_word' id='word_1_174' title='bbox 1399 1937 1473 1978; x_wconf 90' lang='lat' dir='ltr'>per</span> <span class='ocrx_word' id='word_1_175' title='bbox 1517 1937 1599 1977; x_wconf 87' lang='lat' dir='ltr'>que</span> 
     </span>
     <span class='ocr_line' id='line_1_25' title="bbox 276 1993 1597 2046; baseline 0.001 -14"><span class='ocrx_word' id='word_1_176' title='bbox 276 1993 381 2046; x_wconf 72' lang='lat' dir='ltr'>layci</span> <span class='ocrx_word' id='word_1_177' title='bbox 422 1993 679 2034; x_wconf 89' lang='lat' dir='ltr'>mendaciter</span> <span class='ocrx_word' id='word_1_178' title='bbox 710 1994 967 2046; x_wconf 78' lang='lat' dir='ltr'>illuduntur3</span> <span class='ocrx_word' id='word_1_179' title='bbox 1000 1994 1095 2034; x_wconf 88' lang='lat' dir='ltr'>licet</span> <span class='ocrx_word' id='word_1_180' title='bbox 1128 1995 1241 2035; x_wconf 89' lang='lat' dir='ltr'>enim</span> <span class='ocrx_word' id='word_1_181' title='bbox 1274 1994 1471 2035; x_wconf 88' lang='lat' dir='ltr'>falsitates</span> <span class='ocrx_word' id='word_1_182' title='bbox 1503 1993 1597 2033; x_wconf 86' lang='lat' dir='ltr'>ficte</span> 
     </span>
     <span class='ocr_line' id='line_1_26' title="bbox 220 2053 1599 2117; baseline 0 -14"><span class='ocrx_word' id='word_1_183' title='bbox 220 2076 257 2108; x_wconf 74' lang='lat'>25</span> <span class='ocrx_word' id='word_1_184' title='bbox 276 2064 533 2117; x_wconf 84' lang='lat' dir='ltr'>quandoque</span> <span class='ocrx_word' id='word_1_185' title='bbox 571 2053 751 2117; x_wconf 88' lang='lat' dir='ltr'>prosunt</span> <span class='ocrx_word' id='word_1_186' title='bbox 782 2077 855 2117; x_wconf 90' lang='lat' dir='ltr'>per</span> <span class='ocrx_word' id='word_1_187' title='bbox 898 2064 1104 2115; x_wconf 82' lang='lat' dir='ltr'>accidens,</span> <span class='ocrx_word' id='word_1_188' title='bbox 1137 2064 1328 2105; x_wconf 87' lang='lat' dir='ltr'>subditos</span> <span class='ocrx_word' id='word_1_189' title='bbox 1360 2079 1383 2104; x_wconf 86' lang='lat' dir='ltr'>a</span> <span class='ocrx_word' id='word_1_190' title='bbox 1415 2063 1599 2104; x_wconf 88' lang='lat' dir='ltr'>facinore</span> 
     </span>
     <span class='ocr_line' id='line_1_27' title="bbox 275 2134 1599 2186; baseline 0.001 -13"><span class='ocrx_word' id='word_1_191' title='bbox 275 2135 536 2186; x_wconf 84' lang='lat' dir='ltr'>deterrendo,</span> <span class='ocrx_word' id='word_1_192' title='bbox 594 2134 701 2174; x_wconf 85' lang='lat' dir='ltr'>absit</span> <span class='ocrx_word' id='word_1_193' title='bbox 752 2143 892 2173; x_wconf 88' lang='lat' dir='ltr'>tamen</span> <span class='ocrx_word' id='word_1_194' title='bbox 948 2134 1222 2175; x_wconf 89' lang='lat' dir='ltr'>christianum</span> <span class='ocrx_word' id='word_1_195' title='bbox 1275 2143 1419 2174; x_wconf 89' lang='lat' dir='ltr'>contra</span> <span class='ocrx_word' id='word_1_196' title='bbox 1470 2134 1599 2174; x_wconf 88' lang='lat' dir='ltr'>fidem</span> 
     </span>
     <span class='ocr_line' id='line_1_28' title="bbox 275 2204 1244 2258; baseline 0 -13"><span class='ocrx_word' id='word_1_197' title='bbox 275 2204 478 2257; x_wconf 86' lang='lat' dir='ltr'>scripture</span> <span class='ocrx_word' id='word_1_198' title='bbox 510 2205 570 2245; x_wconf 90' lang='lat' dir='ltr'>uti</span> <span class='ocrx_word' id='word_1_199' title='bbox 602 2205 690 2244; x_wconf 91' lang='lat' dir='ltr'>istis</span> <span class='ocrx_word' id='word_1_200' title='bbox 724 2204 892 2245; x_wconf 84' lang='lat' dir='ltr'>fallaciis</span> <span class='ocrx_word' id='word_1_201' title='bbox 926 2218 1001 2258; x_wconf 89' lang='lat' dir='ltr'>pro</span> <span class='ocrx_word' id='word_1_202' title='bbox 1034 2205 1114 2244; x_wconf 91' lang='lat' dir='ltr'>hoc</span> <span class='ocrx_word' id='word_1_203' title='bbox 1146 2204 1244 2246; x_wconf 90' lang='lat' dir='ltr'>fine.</span> 
     </span>
     <span class='ocr_line' id='line_1_29' title="bbox 195 2274 1861 2329; baseline -0.001 -15"><span class='ocrx_word' id='word_1_204' title='bbox 195 2285 260 2319; x_wconf 90' lang='lat'>01</span> <span class='ocrx_word' id='word_1_205' title='bbox 333 2275 497 2314; x_wconf 90' lang='lat' dir='ltr'>Notum</span> <span class='ocrx_word' id='word_1_206' title='bbox 540 2284 602 2316; x_wconf 87' lang='lat' dir='ltr'>est</span> <span class='ocrx_word' id='word_1_207' title='bbox 645 2274 758 2314; x_wconf 91' lang='lat' dir='ltr'>enim</span> <span class='ocrx_word' id='word_1_208' title='bbox 802 2289 849 2314; x_wconf 94' lang='lat' dir='ltr'>ex</span> <span class='ocrx_word' id='word_1_209' title='bbox 888 2274 969 2314; x_wconf 86' lang='lat' dir='ltr'>fide</span> <span class='ocrx_word' id='word_1_210' title='bbox 1003 2275 1204 2328; x_wconf 86' lang='lat' dir='ltr'>scripture</span> <span class='ocrx_word' id='word_1_211' title='bbox 1237 2275 1353 2329; x_wconf 86' lang='lat' dir='ltr'>quod</span> <span class='ocrx_word' id='word_1_212' title='bbox 1386 2288 1513 2314; x_wconf 90' lang='lat' dir='ltr'>nemo</span> <span class='ocrx_word' id='word_1_213' title='bbox 1547 2276 1597 2315; x_wconf 87' lang='lat' dir='ltr'>ad</span> <span class='ocrx_word' id='word_1_214' title='bbox 1648 2291 1791 2320; x_wconf 75' lang='lat' dir='ltr'>Nosuch</span> <span class='ocrx_word' id='word_1_215' title='bbox 1813 2301 1861 2320; x_wconf 71' lang='lat' dir='ltr'>re-</span> 
     </span>
    </p>
   </div>
   <div class='ocr_carea' id='block_1_3' title="bbox 276 2328 1891 2398">
    <p class='ocr_par' dir='ltr' id='par_1_3' title="bbox 276 2328 1891 2398">
     <span class='ocr_line' id='line_1_30' title="bbox 276 2328 1891 2398; baseline 0.001 -14"><span class='ocrx_word' id='word_1_216' title='bbox 276 2345 339 2385; x_wconf 87' lang='lat' dir='ltr'>sui</span> <span class='ocrx_word' id='word_1_217' title='bbox 383 2346 619 2398; x_wconf 85' lang='lat' dir='ltr'>dampnum</span> <span class='ocrx_word' id='word_1_218' title='bbox 665 2346 1070 2397; x_wconf 86' lang='lat' dir='ltr'>excommunicatur,</span> <span class='ocrx_word' id='word_1_219' title='bbox 1117 2345 1195 2384; x_wconf 91' lang='lat' dir='ltr'>nisi</span> <span class='ocrx_word' id='word_1_220' title='bbox 1246 2345 1415 2385; x_wconf 87' lang='lat' dir='ltr'>racione</span> <span class='ocrx_word' id='word_1_221' title='bbox 1459 2328 1891 2398; x_wconf 49' lang='lat' dir='ltr'>delicti¹²¹ssffss¹ss}}³5ss¹1g{¹&#39;</span> 
     </span>
    </p>
   </div>
   <div class='ocr_carea' id='block_1_4' title="bbox 235 2399 1856 2750">
    <p class='ocr_par' dir='ltr' id='par_1_4' title="bbox 235 2399 1856 2608">
     <span class='ocr_line' id='line_1_31' title="bbox 235 2399 1856 2469; baseline 0 -15"><span class='ocrx_word' id='word_1_222' title='bbox 235 2416 432 2469; x_wconf 83' lang='lat' dir='ltr'>2proprii</span> <span class='ocrx_word' id='word_1_223' title='bbox 478 2416 870 2456; x_wconf 88' lang='lat' dir='ltr'>excommunicatus</span> <span class='ocrx_word' id='word_1_224' title='bbox 917 2415 1041 2455; x_wconf 89' lang='lat' dir='ltr'>fuerit</span> <span class='ocrx_word' id='word_1_225' title='bbox 1072 2416 1215 2469; x_wconf 88' lang='lat' dir='ltr'>quoad</span> <span class='ocrx_word' id='word_1_226' title='bbox 1247 2416 1399 2456; x_wconf 88' lang='lat' dir='ltr'>Deum.</span> <span class='ocrx_word' id='word_1_227' title='bbox 1435 2416 1599 2455; x_wconf 88' lang='lat' dir='ltr'>Notum</span> <span class='ocrx_word' id='word_1_228' title='bbox 1643 2399 1856 2460; x_wconf 34' lang='lat' dir='ltr'>snagssjsnnghe</span> 
     </span>
     <span class='ocr_line' id='line_1_32' title="bbox 277 2485 1597 2540; baseline -0.002 -15"><span class='ocrx_word' id='word_1_229' title='bbox 277 2494 337 2525; x_wconf 88' lang='lat' dir='ltr'>est</span> <span class='ocrx_word' id='word_1_230' title='bbox 358 2486 512 2526; x_wconf 89' lang='lat' dir='ltr'>iterum</span> <span class='ocrx_word' id='word_1_231' title='bbox 540 2487 658 2539; x_wconf 88' lang='lat' dir='ltr'>quod</span> <span class='ocrx_word' id='word_1_232' title='bbox 692 2500 819 2526; x_wconf 87' lang='lat' dir='ltr'>nemo</span> <span class='ocrx_word' id='word_1_233' title='bbox 854 2495 1028 2540; x_wconf 90' lang='lat' dir='ltr'>propter</span> <span class='ocrx_word' id='word_1_234' title='bbox 1061 2486 1323 2539; x_wconf 86' lang='lat' dir='ltr'>corporalem</span> <span class='ocrx_word' id='word_1_235' title='bbox 1356 2485 1597 2525; x_wconf 91' lang='lat' dir='ltr'>communi-</span> 
     </span>
     <span class='ocr_line' id='line_1_33' title="bbox 278 2555 1598 2608; baseline -0.002 -13"><span class='ocrx_word' id='word_1_236' title='bbox 278 2556 494 2596; x_wconf 89' lang='lat' dir='ltr'>cacionem</span> <span class='ocrx_word' id='word_1_237' title='bbox 526 2570 624 2596; x_wconf 88' lang='lat' dir='ltr'>cum</span> <span class='ocrx_word' id='word_1_238' title='bbox 657 2556 1024 2596; x_wconf 89' lang='lat' dir='ltr'>excommunicato</span> <span class='ocrx_word' id='word_1_239' title='bbox 1048 2555 1223 2596; x_wconf 88' lang='lat' dir='ltr'>incurrit</span> <span class='ocrx_word' id='word_1_240' title='bbox 1245 2555 1494 2608; x_wconf 86' lang='lat' dir='ltr'>periculum,</span> <span class='ocrx_word' id='word_1_241' title='bbox 1519 2555 1598 2595; x_wconf 90' lang='lat' dir='ltr'>nisi</span> 
     </span>
    </p>

    <p class='ocr_par' dir='ltr' id='par_1_5' title="bbox 237 2625 1596 2750">
     <span class='ocr_line' id='line_1_34' title="bbox 237 2625 1596 2680; baseline -0.001 -14"><span class='ocrx_word' id='word_1_242' title='bbox 237 2627 328 2670; x_wconf 87' lang='lat' dir='ltr'>3sit</span> <span class='ocrx_word' id='word_1_243' title='bbox 360 2627 564 2680; x_wconf 74' lang='lat' dir='ltr'>particeps</span> <span class='ocrx_word' id='word_1_244' title='bbox 588 2626 772 2667; x_wconf 88' lang='lat' dir='ltr'>criminis</span> <span class='ocrx_word' id='word_1_245' title='bbox 805 2641 903 2666; x_wconf 88' lang='lat' dir='ltr'>cum</span> <span class='ocrx_word' id='word_1_246' title='bbox 935 2627 1098 2666; x_wconf 91' lang='lat' dir='ltr'>eodem.</span> <span class='ocrx_word' id='word_1_247' title='bbox 1124 2627 1177 2666; x_wconf 88' lang='lat' dir='ltr'>Et</span> <span class='ocrx_word' id='word_1_248' title='bbox 1208 2635 1363 2666; x_wconf 89' lang='lat' dir='ltr'>notum</span> <span class='ocrx_word' id='word_1_249' title='bbox 1386 2635 1446 2665; x_wconf 88' lang='lat' dir='ltr'>est</span> <span class='ocrx_word' id='word_1_250' title='bbox 1468 2625 1596 2665; x_wconf 88' lang='lat' dir='ltr'>tercio</span> 
     </span>
     <span class='ocr_line' id='line_1_35' title="bbox 278 2695 1595 2750; baseline -0.002 -14"><span class='ocrx_word' id='word_1_251' title='bbox 278 2698 393 2750; x_wconf 88' lang='lat' dir='ltr'>quod</span> <span class='ocrx_word' id='word_1_252' title='bbox 436 2697 652 2737; x_wconf 85' lang='lat' dir='ltr'>infinitum</span> <span class='ocrx_word' id='word_1_253' title='bbox 683 2696 958 2750; x_wconf 89' lang='lat' dir='ltr'>periculosius</span> <span class='ocrx_word' id='word_1_254' title='bbox 997 2706 1059 2737; x_wconf 91' lang='lat' dir='ltr'>est</span> <span class='ocrx_word' id='word_1_255' title='bbox 1102 2696 1419 2737; x_wconf 89' lang='lat' dir='ltr'>communicare</span> <span class='ocrx_word' id='word_1_256' title='bbox 1451 2695 1595 2748; x_wconf 84' lang='lat' dir='ltr'>culpa-</span> 
     </span>
    </p>
   </div>
   <div class='ocr_carea' id='block_1_5' title="bbox 222 2766 1593 2819">
    <p class='ocr_par' dir='ltr' id='par_1_6' title="bbox 222 2766 1593 2819">
     <span class='ocr_line' id='line_1_36' title="bbox 222 2766 1593 2819; baseline -0.001 -14"><span class='ocrx_word' id='word_1_257' title='bbox 222 2778 261 2810; x_wconf 73' lang='lat'>35</span> <span class='ocrx_word' id='word_1_258' title='bbox 278 2767 411 2806; x_wconf 85' lang='lat' dir='ltr'>biliter</span> <span class='ocrx_word' id='word_1_259' title='bbox 455 2780 554 2807; x_wconf 89' lang='lat' dir='ltr'>cum</span> <span class='ocrx_word' id='word_1_260' title='bbox 596 2766 965 2807; x_wconf 85' lang='lat' dir='ltr'>excommunicato</span> <span class='ocrx_word' id='word_1_261' title='bbox 1010 2781 1033 2806; x_wconf 90' lang='lat' dir='ltr'>a</span> <span class='ocrx_word' id='word_1_262' title='bbox 1081 2768 1185 2818; x_wconf 86' lang='lat' dir='ltr'>Deo,</span> <span class='ocrx_word' id='word_1_263' title='bbox 1235 2766 1307 2819; x_wconf 87' lang='lat' dir='ltr'>qui</span> <span class='ocrx_word' id='word_1_264' title='bbox 1347 2766 1486 2805; x_wconf 88' lang='lat' dir='ltr'>solum</span> <span class='ocrx_word' id='word_1_265' title='bbox 1527 2779 1593 2804; x_wconf 88' lang='lat' dir='ltr'>ex-</span> 
     </span>
    </p>
   </div>
   <div class='ocr_carea' id='block_1_6' title="bbox 330 2913 1244 2949">
    <p class='ocr_par' dir='ltr' id='par_1_7' title="bbox 330 2913 1244 2949">
     <span class='ocr_line' id='line_1_37' title="bbox 330 2913 1244 2949; baseline 0.001 -10"><span class='ocrx_word' id='word_1_266' title='bbox 330 2922 358 2947; x_wconf 84' lang='lat'>4.</span> <span class='ocrx_word' id='word_1_267' title='bbox 380 2913 420 2940; x_wconf 85' lang='lat' dir='ltr'>B:</span> <span class='ocrx_word' id='word_1_268' title='bbox 441 2914 599 2949; x_wconf 84' lang='lat' dir='ltr'>sequendo</span> <span class='ocrx_word' id='word_1_269' title='bbox 621 2914 810 2949; x_wconf 82' lang='lat' dir='ltr'>exemplum.</span> <span class='ocrx_word' id='word_1_270' title='bbox 955 2922 996 2947; x_wconf 72' lang='lat'>14.</span> <span class='ocrx_word' id='word_1_271' title='bbox 1017 2914 1061 2940; x_wconf 86' lang='lat' dir='ltr'>D:</span> <span class='ocrx_word' id='word_1_272' title='bbox 1082 2913 1113 2940; x_wconf 88' lang='lat' dir='ltr'>in</span> <span class='ocrx_word' id='word_1_273' title='bbox 1134 2913 1244 2949; x_wconf 86' lang='lat' dir='ltr'>capite.</span> 
     </span>
    </p>
   </div>
  </div>
 </body>
</html>
