2045 3312
267 265 356 294 CAP.
377 253 477 313 v111.]
775 268 835 299 DE
861 265 1097 299 ECCLESIA.
1800 253 1877 307 157

120 384 155 417 P
181 371 330 427 150b(ut
361 381 475 426 patet
507 372 540 412 Ia
580 371 839 426 Thymothei
882 368 950 426 10).
997 371 1084 410 Nec
1123 369 1233 408 dicat
1265 368 1415 422 aliquis
1469 370 1588 422 quod

265 442 419 495 Anglia
450 441 652 495 processit
682 455 895 494 prospere,
929 440 1101 494 quando
1132 439 1303 479 ecclesia
1327 438 1472 478 habuit
1493 439 1590 478 talia

265 512 479 566 privilegia
510 512 567 552 sic
599 511 782 564 defensa,
817 510 913 565 quia
947 511 1142 551 audacter
1181 523 1319 550 assero
1353 507 1483 562 quod'
1502 522 1589 548 non

266 582 412 622 exinde
457 582 705 636 promeruit,
750 582 821 621 sed
873 581 980 621 sicut
1030 579 1229 634 iniquitas
1282 582 1589 619 Amorreorum

233 652 343 697 5fuit
379 652 421 691 in
455 653 698 706 congregari
731 665 805 706 per
829 651 1035 692 CCCCtos
1068 664 1202 690 annos
1236 658 1275 689 et
1308 648 1489 702 amplius
1525 647 1591 703 (ut

265 732 378 776 patet
402 723 505 763 Gen.
531 721 670 778 XV0);
704 737 752 762 ex
785 722 904 762 cuius
938 730 1153 762 cremento
1178 719 1356 760 finaliter
1388 727 1485 758 sunt
1517 719 1587 757 de-

265 793 427 833 structi:
461 793 518 833 sic
550 793 791 833 timendum
814 801 876 833 est
908 793 958 832 de
989 802 1115 846 gente
1144 790 1310 844 Anglie,
1344 789 1422 828 nisi
1456 789 1589 829 clerus

263 864 404 903 redeat
436 864 487 904 ad
510 863 770 917 spiritualem
794 863 1093 915 humilitatem,
1126 871 1171 902 ut
1194 861 1310 912 olim,
1336 873 1433 900 cum
1457 860 1590 900 clerus

264 942 310 972 ut
354 933 493 973 anima
540 943 580 974 et
628 934 822 974 secularis
870 942 917 974 ut
955 947 1108 987 corpus
1140 933 1294 972 debent
1327 931 1592 972 concorditer

210 1027 248 1049 10
264 1004 518 1044 constituere
564 1004 701 1046 virum
745 1015 902 1056 unum3
952 1004 1068 1058 quod
1101 1017 1188 1043 non
1220 1011 1360 1056 potest
1390 1002 1477 1043 fieri
1511 1002 1590 1042 nisi

264 1087 311 1114 ex
363 1083 513 1115 mutua
565 1075 837 1116 observancia
879 1074 982 1128 legis
1027 1073 1195 1114 Christi.
1242 1074 1349 1127 Sepe
1394 1073 1507 1112 enim
1546 1072 1589 1112 in

264 1145 424 1197 pruritu
452 1145 740 1199 prosperitatis
763 1146 979 1185 mundane
1003 1153 1063 1185 est
1085 1143 1272 1198 populus
1296 1142 1590 1183 insensibiliter

263 1216 404 1269 quoad
436 1216 574 1256 Deum
607 1216 789 1270 amplius
822 1215 1047 1269 peioratus.

322 1287 530 1326 Hortandi
564 1295 706 1327 tamen
739 1294 838 1326 sunt
861 1284 1023 1325 domini
1048 1285 1253 1325 seculares
1287 1298 1338 1324 ne
1370 1283 1587 1337 arguendo
1604 1299 1773 1335 Layrulers
1786 1303 1879 1335 must,

210 1368 336 1408 15per
373 1357 519 1396 locum
558 1357 608 1396 ab
648 1355 917 1396 insufficienti
956 1354 1232 1394 similitudine
1265 1353 1456 1394 auferant
1492 1366 1585 1393 vera
1602 1334 1881 1397 liiiiitiggfbiihre‘ir

263 1425 477 1480 privilegia
507 1426 677 1466 ecclesie
709 1435 883 1480 propter
915 1424 1160 1479 cupidinem
1191 1424 1489 1477 temporalium
1523 1424 1587 1463 vel
1630 1404 1852 1467 duffiiifftghihe

261 1496 504 1537 vindictam.
552 1496 762 1537 Hortandi
801 1504 899 1536 sunt
931 1496 1118 1536 secundo
1158 1508 1210 1534 ne
1243 1509 1291 1534 ex
1323 1494 1480 1534 invidia
1522 1495 1588 1534 vel

262 1565 341 1605 alia
374 1580 496 1606 causa
529 1566 881 1620 pretergrediente
913 1566 1092 1606 caritatis
1127 1565 1291 1619 regulas
1324 1565 1376 1605 sit
1409 1564 1587 1618 fugitivo

170 1637 385 1690 150⁰CUlpa
418 1637 617 1691 imposita
648 1637 714 1677 vel
735 1636 758 1660 '³‘
781 1636 1038 1690 prodicionis
1072 1635 1257 1690 suspicio
1290 1635 1472 1689 palliata.
1536 1636 1591 1676 Et

204 1729 246 1750 20
263 1707 457 1748 hortandi
501 1717 598 1748 sunt
642 1708 770 1748 tercio
816 1721 866 1747 ne
911 1706 1065 1747 alicubi
1112 1715 1152 1747 et
1199 1706 1433 1760 specialiter
1482 1705 1590 1745 infra

262 1787 379 1832 septa
423 1778 593 1818 ecclesie
645 1778 896 1832 sanguinem
949 1777 1170 1817 effundant
1220 1777 1458 1829 innoxium,
1518 1777 1590 1816 sed

265 1848 476 1888 honorent
508 1857 696 1889 sanctam
720 1857 898 1888 matrem
927 1847 1145 1888 ecclesiam
1167 1848 1403 1887 secundum
1425 1846 1588 1899 regulas

268 1931 372 1971 quas
417 1917 609 1958 Christus
654 1918 730 1957 sibi
775 1918 972 1970 instituit,
1020 1918 1071 1957 ad
1104 1931 1185 1971 que
1232 1917 1377 1957 omnia
1421 1924 1590 1970 oportet

266 1988 444 2027 omnino
473 1988 690 2028 consulere
722 2001 895 2028 sensum
928 1987 1183 2027 catholicum
1216 1987 1528 2041 scripturarum.

790 2210 912 2251 CAP.
946 2210 1055 2252 VIII.

212 2329 246 2361 A
319 2316 431 2366 Quia
469 2315 647 2356 sciencia
679 2317 915 2356 secundum
948 2314 1228 2369 philosophos
1261 2315 1417 2367 gaudet
1450 2323 1584 2355 extra·
1617 2337 1801 2373 Digression
1824 2345 1863 2365 ΟΠ

259 2387 347 2427 neis
391 2400 438 2426 ac
484 2386 661 2426 sciencie
706 2387 756 2426 de
803 2395 945 2426 sancta
989 2394 1122 2426 matre
1167 2384 1341 2425 ecclesia
1373 2384 1425 2424 sit
1457 2384 1582 2424 nimis
1599 2372 1875 2435 ρᾷξῐζῑῖξζξζῗζξᾞζς

261 2466 479 2497 extraneus
512 2456 680 2496 infamis
714 2470 832 2497 casus
865 2456 937 2510 qui
973 2455 1151 2509 contigit
1181 2469 1316 2508 nuper
1354 2454 1397 2493 in
1429 2443 1874 2512 Angliaffitssffissffiessffi

260 2536 299 2566 et
343 2527 385 2566 in
423 2528 576 2579 Roma,
608 2527 704 2567 ideo
736 2526 872 2580 gracia
904 2525 1200 2566 declaracionis
1232 2524 1328 2565 fidei
1361 2534 1401 2565 et
1433 2538 1580 2564 caven-
1659 2521 1688 2540 ¹¹¹
1709 2512 1816 2541 Rome.

201 2605 243 2638 30
259 2596 412 2637 dorum
435 2610 626 2637 errorum
649 2597 820 2637 ecclesie
852 2604 977 2636 restat
1008 2609 1238 2649 parumper
1270 2595 1453 2648 disgredi
1477 2595 1583 2634 circa

308 2731 339 2757 4.
360 2722 399 2749 B:
421 2722 531 2750 exinde
552 2726 718 2758 proverant
737 2722 815 2757 (sic).
952 2721 988 2750 13.
1010 2721 1039 2748 A
1058 2722 1114 2756 Al:
1137 2721 1304 2756 pejoratur.
1441 2728 1483 2755 η.
1505 2719 1533 2746 Α
1553 2719 1582 2746 in

258 2776 373 2804 marg:
402 2768 482 2797 Nota
512 2770 610 2796 bonas
634 2768 843 2796 hortaciones.
971 2776 1016 2796 ρο,
1051 2769 1094 2795 D:
1124 2776 1161 2795 ne
1189 2767 1286 2795 aliter.
1408 2774 1453 2793 20.
1475 2774 1512 2793 21.
1536 2769 1579 2793 D:

258 2813 338 2843 infra
359 2821 456 2851 cepta.
486 2817 513 2843 A
533 2817 573 2851 Α1
594 2815 634 2842 B:
665 2815 808 2843 Christus
837 2815 930 2842 deest.
1076 2822 1122 2849 24.
1145 2816 1173 2842 A
1194 2815 1223 2841 in
1248 2822 1345 2849 marg.
1370 2814 1464 2840 verba
1486 2812 1583 2839 tsche-

258 2863 360 2890 chica:
392 2862 442 2890 Nu
465 2863 597 2891 zbohem
622 2863 737 2900 mylym
764 2862 950 2898 potahnyern
980 2863 1055 2890 dale.
1082 2862 1115 2889 ld
1140 2866 1201 2889 est:
1223 2862 1302 2896 Age,
1324 2869 1394 2888 cum
1421 2861 1485 2887 Deo
1511 2868 1583 2887 caro

257 2902 443 2943 (materiam)
466 2918 562 2945 porro
582 2911 731 2937 tractabo
