2045 3312
296 238 481 297 CAP.X11.]
806 251 866 283 DE
892 250 1126 283 ECCLESIA.
1826 237 1906 289 259

140 369 176 402 N
206 367 281 401 166⁰
355 358 578 406 Quantum
627 358 680 396 ad
722 355 1002 395 violacionem
1055 364 1193 394 sancte
1245 353 1390 393 matris
1430 352 1894 433 eceleSie'idoiitiiyiifsseup

295 428 458 468 dictum
491 436 553 467 est
584 427 701 480 quod
731 426 821 479 ipsa
853 439 941 465 non
972 425 1156 465 violatur
1187 424 1265 464 nisi
1299 438 1373 477 per
1404 422 1616 463 defectum
1631 432 1908 494 posteoableautilldmg

1835 475 1850 493 C

256 509 281 541 2
297 497 564 537 observancie
591 496 692 550 legis
715 496 880 549 sponsi3
915 496 1027 535 unde
1050 509 1137 535 non
1170 503 1231 534 est
1252 494 1388 533 maior
1410 493 1616 548 ydolatria
1666 501 1803 550 chureii,
1824 502 1874 540 me

298 569 462 608 credere
519 577 718 608 truncum
776 566 996 620 putridum
1051 580 1138 606 esse
1197 565 1424 605 dominum
1473 564 1618 604 Jesum
1683 540 1852 600 spgffita

206 638 518 680 modChristum
567 652 697 692 quam
748 637 915 677 credere
968 637 1150 676 domum
1171 635 1196 663 ’θ
1218 634 1478 675 materialem
1533 633 1617 673 sive

298 708 509 748 basilicam
555 722 642 747 esse
690 715 878 747 sanctam
921 716 1101 747 matrem
1145 706 1377 757 ecclesiam,
1416 717 1619 758 sponsam

298 778 466 819 Christi.
521 778 642 818 Unde
676 778 774 832 quia
806 777 846 816 in
888 777 1001 818 festis
1034 776 1313 816 dedicacionis
1347 775 1513 815 basilice
1546 787 1620 827 per

296 848 546 901 episcopum
569 849 712 888 laudat
734 847 903 887 ecclesia
927 848 1063 887 Deum
1091 847 1134 886 in
1157 847 1238 886 hoc
1261 846 1377 900 quod
1401 844 1619 885 ecclesiam

296 933 416 958 suam
459 932 660 972 sponsam
694 932 841 957 vocare
885 917 1081 971 dignatus
1126 926 1200 968 est,
1244 915 1478 956 instruendi
1522 923 1619 954 sunt

242 1009 280 1030 10
297 988 510 1041 simplices
545 989 779 1028 sacerdotes
824 1001 876 1027 ne
921 988 1091 1027 credant
1127 987 1351 1027 infideliter
1396 986 1512 1040 quod
1550 985 1619 1024 illa

295 1058 462 1098 basilica
493 1058 544 1098 sit
577 1058 748 1098 ecclesia
779 1072 935 1111 sponsa
970 1058 1138 1098 Christi.

354 1129 536 1169 Ulterius
587 1138 795 1183 quantum
833 1130 884 1168 ad
923 1128 1217 1168 remissionem
1262 1127 1389 1167 debiti
1433 1127 1616 1166 satisfac·
1632 1133 1909 1196 Foqsqffiff-ffltfflssne

296 1200 440 1251 donis,
474 1200 624 1239 dicitur
656 1200 771 1252 quod
804 1212 879 1238 nec
910 1198 1154 1252 temporalis
1181 1198 1381 1238 dominus
1406 1211 1480 1236 nec
1504 1197 1616 1236 Deus
1633 1187 1715 1231 misst
1735 1190 1778 1231 *be
1800 1204 1907 1238 mad&

255 1271 384 1324 ssipse
436 1280 575 1324 potest
632 1270 775 1323 ipsum
833 1269 1011 1309 omnino
1069 1269 1293 1318 remittere,
1351 1278 1451 1308 tunc
1505 1267 1618 1307 enim

242 1349 278 1381 15
297 1341 489 1381 Christus
543 1341 694 1381 frustra
741 1340 886 1380 fuisset
930 1350 1124 1380 mortuus
1175 1341 1228 1378 ad
1275 1338 1619 1379 satisfaciendum

295 1425 372 1463 pro
406 1421 578 1464 peccato
613 1410 786 1450 humani
821 1410 997 1463 generis,
1051 1412 1230 1450 Necesse
1271 1418 1332 1448 est
1369 1423 1468 1462 ergo
1502 1409 1618 1462 quod

294 1495 370 1534 pro
404 1495 663 1534 quocunque
697 1480 869 1520 crimine
902 1480 1074 1520 satisfiat
1107 1480 1147 1519 in
1179 1480 1330 1519 virtute
1363 1479 1497 1519 meriti
1521 1480 1616 1519 Jesu

296 1550 465 1603 Christi,
508 1552 573 1590 vel
618 1551 735 1604 quod
783 1550 888 1590 illud
933 1551 1090 1590 crimen
1137 1550 1373 1590 eternaliter
1404 1550 1616 1603 puniatur.

294 1621 406 1660 Deus
441 1630 583 1661 autem
613 1635 696 1660 non
726 1630 866 1674 potest
904 1622 1132 1661 concedere
1161 1620 1379 1660 licenciam
1411 1620 1533 1660 alicui
1574 1630 1619 1661 ut

237 1709 279 1730 20
295 1692 528 1731 eternaliter
581 1692 701 1731 duret
745 1691 786 1730 in
827 1691 1012 1741 crimine,
1046 1700 1086 1731 et
1117 1705 1191 1743 per
1222 1704 1485 1743 consequens
1533 1704 1617 1730 non

295 1771 434 1815 potest
457 1763 686 1802 concedere
709 1762 939 1801 criminoso
963 1762 1181 1801 licenciam
1205 1771 1251 1801 ut
1275 1775 1361 1800 non
1394 1760 1619 1800 satisfaciat

295 1846 370 1885 pro
404 1833 568 1872 delicto.
602 1834 939 1885 Verumptamen
973 1832 1104 1871 homo
1138 1840 1279 1884 potest
1312 1845 1409 1870 cum
1439 1831 1616 1870 circum-

295 1903 515 1955 speccione
555 1902 689 1955 sagaci
729 1902 937 1942 remittere
978 1902 1089 1941 fratri
1129 1902 1325 1941 iniuriam
1358 1910 1397 1940 et
1429 1901 1616 1940 debitum

297 1973 512 2025 corporale
545 1981 584 2012 et
624 1974 734 2011 Deus
774 1972 958 2012 remittet
991 1972 1160 2025 culpam
1194 1981 1420 2024 postquam
1457 1971 1617 2010 miseri-

240 2046 280 2078 25
298 2042 475 2081 corditer
518 2042 721 2082 invenerit
765 2052 1029 2095 peccatorem
1074 2042 1306 2081 satisfacere
1352 2055 1426 2095 pro
1461 2040 1616 2080 debito.

297 2114 435 2152 Nemo
469 2113 582 2152 enim
613 2121 755 2166 posset
788 2113 1021 2153 satisfacere
1055 2127 1130 2165 pro
1165 2112 1343 2152 minima
1385 2111 1543 2150 offensa
1576 2111 1618 2149 in

296 2192 465 2222 tantum
526 2183 766 2233 dominum,
821 2183 898 2222 nisi
952 2183 1040 2236 ipse
1104 2183 1427 2222 misericorditer
1484 2182 1618 2221 levem

296 2253 595 2305 penitenciam,
652 2254 913 2306 baptismum
964 2255 1029 2293 vel
1083 2254 1256 2307 aliquod
1309 2267 1418 2305 opus
1471 2252 1618 2304 penale

297 2323 572 2376 acceptaverit
593 2324 797 2376 graciose:
821 2324 996 2375 iusticia,
1021 2324 1209 2377 inquam,
1226 2337 1299 2363 sua
1316 2322 1486 2375 requirit
1502 2322 1618 2375 quod

240 2397 282 2429 30
298 2394 438 2432 solum
471 2393 647 2446 premiet
679 2403 1003 2446 promerentem.

251 2465 282 2499 Ο
356 2464 408 2502 Et
442 2473 556 2516 patet
578 2473 786 2517 quantum
821 2464 1056 2516 periculum
1081 2472 1141 2502 est
1164 2462 1431 2502 occasionare
1455 2460 1615 2500 debito-
1646 2474 1679 2492 so
1701 2466 1721 2493 it
1741 2466 1766 2493 is
1786 2475 1896 2501 wrong

1657 2507 1688 2527 10
1709 2511 1744 2528 el]
1752 2509 1886 2535 COlll‘ssf-{C

299 2534 410 2573 ribus
444 2533 628 2586 fugitivis
661 2534 895 2585 audaciam,
930 2542 976 2572 ut
1015 2547 1100 2572 non
1141 2532 1394 2572 satisfaciant
1427 2532 1515 2570 Deo
1555 2530 1619 2568 vel
1643 2537 1895 2598 ᾒξξιξὲτξηῗέῐξάιξ

1705 2586 1714 2598 ἱ
1755 2590 1761 2598 ι
1817 2582 1822 2588 “
1872 2592 1896 2607 μ7

297 2603 472 2655 homini,
519 2618 615 2643 cum
662 2605 895 2642 secundum
944 2603 1148 2655 principia
1181 2602 1407 2655 Augustini
1447 2610 1486 2640 et
1518 2600 1618 2639 iuris

350 2809 378 2834 ,μ
409 2801 437 2827 Α
458 2801 487 2827 in
509 2809 622 2835 marg:
654 2800 832 2827 Conclusio,
871 2799 1009 2826 Ecclesia
1038 2800 1203 2827 materialis
1234 2800 1299 2827 sive
1328 2799 1453 2826 basilica
1484 2806 1545 2824 non
1575 2802 1618 2824 est

298 2855 415 2882 sponsa
445 2846 569 2874 Christi.
713 2855 753 2873 10.
774 2847 818 2873 A:
850 2854 905 2872 nec
931 2846 1070 2873 credant.
1104 2847 1141 2879 A.
1165 2847 1307 2873 correxit.
1452 2845 1492 2872 25.
1516 2847 1538 2870 Λ
1565 2844 1617 2878 Αμ

298 2894 424 2920 invenit.
534 2894 570 2921 ’,π’ῐ.
594 2895 621 2921 Α
643 2894 671 2920 ἰη
695 2902 808 2928 marga
831 2893 988 2928 Spoliator
1009 2898 1125 2920 tenetur
1148 2893 1306 2919 restituere
1328 2897 1384 2918 etc.
