2045 3312
144 278 162 317 DJ

201 291 221 316 [Ο

148 542 265 570 Recent
293 551 398 570 exam-

168 578 232 612 ples
254 578 288 605 os
306 583 384 604 tein-

137 613 283 647 poralncs
296 613 410 640 seized.

141 1743 243 1771 Three
266 1745 388 1771 conclu-

182 1779 268 1806 sions
291 1779 350 1806 laid

175 1815 265 1841 down
289 1815 327 1849 by
348 1822 363 1841 a

209 1849 336 1876 doctor:

152 1893 169 1910 ι.
193 1894 208 1911 ιι
231 1884 389 1911 delinition

180 1919 214 1946 οῖ’
232 1919 358 1954 lieresy;

131 2090 155 2109 2.
179 2081 279 2109 denial
302 2082 337 2109 οῖ’
358 2083 407 2109 {lie

141 2118 249 2151 King‘s
271 2117 349 2152 right
370 2122 401 2144 to

207 2152 332 2187 deprive

873 291 1099 324 JOHANNIS
1125 292 1321 326 wvcur.
1551 278 1657 337 [caiz
1681 289 1748 318 xv.

429 395 643 447 cedentes,
688 397 758 435 sed
791 396 972 436 dimissis
1016 397 1375 437 destruccionibus
1409 398 1849 452 Templariorum175b
1872 409 1902 443 G

428 474 467 504 et
499 465 787 505 ablacionibus
820 466 988 519 privatis
1024 481 1106 521 que
1135 467 1301 507 interim
1325 468 1603 521 contigerunt,
1637 482 1750 509 reco-

428 535 565 575 lamus
598 536 648 575 de
681 536 970 577 ablacionibus
1009 538 1162 577 talibus
1196 551 1276 591 que
1316 538 1462 578 diebus
1495 539 1647 578 nostris
1680 553 1752 592 per

428 605 629 646 illustrem
653 619 796 659 regem
823 607 1033 646 Edward
1044 621 1068 646 u
1079 622 1123 646 m
1146 608 1320 648 tercium
1353 618 1466 648 erant
1489 608 1606 648 facte.
1642 611 1751 649 Nam

427 675 677 728 temporalia
695 676 1784 732 dominiVVillelmiBathmanNorwycensis5

429 755 548 798 capta
580 754 678 785 sunt
722 745 764 785 in
797 760 948 786 manus
981 747 1087 802 regis
1133 758 1172 788 et
1205 757 1318 788 tenta
1362 749 1588 788 duodecim
1631 750 1750 788 annis

429 815 640 855 continuis
672 829 749 868 pro
774 826 1036 870 contemptu.
1071 819 1124 858 Et
1157 818 1268 858 idem
1293 819 1467 871 contigit
1500 819 1549 858 de
1573 819 1750 859 domino

426 885 616 925 Johanne
651 886 859 926 Gransoni
893 887 1134 940 Exoniensi,
1181 890 1231 928 de
1266 889 1387 929 fratre
1420 889 1590 929 Thoma
1638 891 1688 930 de
1726 888 1848 943 ²³³175⁰

428 957 545 1010 Lyle,
579 956 781 1010 episcopo
815 957 1016 1011 Heliensi,
1053 968 1093 999 et
1125 959 1181 999 sic
1215 960 1264 999 de
1287 959 1432 1000 multis
1461 959 1750 1000 ablacionibus

427 1040 531 1079 quas
564 1027 710 1067 diebus
743 1028 894 1068 nostris
940 1029 1231 1082 cognovimus.
1272 1031 1430 1070 Ymmo
1465 1030 1667 1070 Ricardus
1700 1031 1808 1072 11.10

426 1111 495 1136 rex
528 1106 670 1138 noster
701 1098 809 1138 sicut
840 1112 942 1139 avus
975 1113 1075 1139 suus
1108 1100 1310 1153 practizat
1341 1100 1422 1140 hoc
1455 1101 1674 1140 annuatim
1706 1101 1747 1140 in

425 1167 628 1220 religiosis
670 1169 991 1221 possessionatis
1039 1170 1089 1210 de
1135 1170 1328 1221 Francia;
1386 1184 1459 1210 nec
1506 1184 1631 1224 super
1669 1171 1750 1211 isto

426 1237 655 1278 consulunt
678 1239 838 1278 curiam
861 1240 1116 1291 Romanam,
1150 1240 1247 1294 quia
1277 1250 1323 1281 ut
1344 1250 1584 1281 constanter
1605 1241 1748 1281 defen-

425 1309 532 1348 dunt
575 1308 653 1348 ista
692 1318 877 1362 potestas
911 1310 1064 1351 directe
1097 1311 1276 1364 pertinet
1314 1312 1366 1351 ad
1399 1325 1614 1352 coronam.
1663 1313 1749 1352 Nec

424 1378 566 1418 recolo
599 1380 716 1432 quod
740 1380 991 1433 temporalia
1014 1381 1189 1420 mobilia
1217 1381 1354 1420 ablata
1376 1381 1616 1433 restituunt,
1651 1396 1749 1422 cum
1768 1390 1805 1423 15

425 1458 695 1502 contemptus
747 1451 812 1490 vel
874 1450 1137 1491 forisfactura
1190 1451 1582 1491 elemosinariorum
1643 1452 1749 1506 regis

424 1518 596 1571 requirit
628 1529 674 1559 ut
704 1520 871 1573 gravius
910 1520 1154 1573 puniantur,
1196 1521 1274 1561 nisi
1314 1523 1431 1575 quod
1475 1535 1543 1561 rex
1588 1522 1747 1562 miseri-

424 1588 603 1628 corditer
635 1603 706 1628 eos
738 1590 917 1643 respicit,
950 1591 1056 1631 sicut
1088 1591 1128 1630 in
1152 1591 1464 1644 possessionem
1498 1592 1746 1632 elemosina-

424 1671 518 1697 rum
550 1659 665 1711 regni
699 1659 761 1698 sui
796 1674 867 1699 eos
900 1660 1224 1701 misericorditer
1254 1661 1497 1702 introduxit.

481 1729 525 1767 In
572 1728 650 1768 ista
682 1729 853 1769 materia
894 1740 954 1770 est
987 1731 1162 1784 quidam
1194 1732 1343 1771 doctor
1387 1731 1457 1785 qui
1504 1733 1565 1772 sui
1611 1733 1785 1785 grad-„12
1809 1739 1843 1772 D

424 1798 537 1838 misit
570 1799 673 1838 mihi
718 1799 761 1838 in
794 1800 956 1854 scriptis
988 1810 1070 1841 tres
1103 1801 1397 1841 conclusiones
1446 1802 1542 1842 huic
1574 1803 1746 1843 materie

422 1868 692 1921 pertinentes.
738 1870 889 1922 Prima,
930 1871 1203 1911 describendo
1237 1872 1430 1924 heresim,
1487 1872 1586 1912 dicit
1629 1874 1776 1926 quodl

422 1939 583 1992 posicio
636 1939 720 1979 sive
765 1941 942 1981 assercio
988 1941 1168 1981 heretica
1218 1951 1278 1981 est
1315 1955 1428 1981 error
1473 1943 1745 1995 periculosus,

421 2008 686 2061 pertinaciter
737 2009 989 2062 defensatus,
1048 2010 1198 2052 directe
1251 2025 1490 2064 repugnans
1542 2012 1744 2053 catholice

424 2079 598 2121 veritati.
661 2080 867 2133 Secunda,
922 2095 1007 2120 non
1061 2091 1123 2121 est
1175 2082 1374 2135 possibile
1426 2096 1541 2136 reges
1593 2083 1785 2137 Anglie2

476 2225 495 2243 1.
517 2217 545 2244 A
566 2217 605 2244 B:
627 2216 876 2253 templaziorum.
998 2227 1022 2246 2.
1046 2219 1084 2245 B:
1107 2218 1234 2254 privatis
1257 2219 1351 2246 deest.
1480 2218 1507 2245 S.
1528 2219 1557 2246 A
1576 2220 1633 2253 A,:
1657 2220 1742 2246 Oxo-

423 2263 549 2291 niensis.
571 2263 609 2291 B:
631 2263 829 2291 Exoniensis.
951 2274 979 2301 ς).
1008 2265 1053 2292 A:
1085 2264 1173 2301 Hyle.
1289 2273 1322 2292 ιι.
1350 2265 1389 2292 Βε
1413 2265 1470 2293 hoc
1491 2265 1678 2293 amicatuum
1701 2265 1742 2293 in.

422 2317 466 2338 20.
489 2311 517 2338 Α
538 2311 567 2338 in
590 2319 705 2345 marga
726 2310 804 2338 Tres
826 2311 1056 2339 conclusiones.

481 2407 510 2439 5.
539 2406 739 2438 Willelmus
767 2408 952 2438 ssateman:
993 2406 1250 2449 Walsingham.
1285 2407 1371 2439 Hist.
1412 2408 1515 2449 Angl.
1544 2409 1566 2449 I⁷
1606 2419 1638 2450 p.
1669 2406 1742 2440 262.

423 2466 474 2497 lle
503 2475 575 2496 was
602 2464 727 2507 bishop
757 2473 816 2496 not
835 2466 931 2507 quite
965 2477 995 2497 11
1028 2475 1128 2508 years
1147 2465 1408 2508 (1344—1335)
1437 2466 1502 2497 and
1524 2466 1651 2509 during
1671 2466 1744 2499 that

421 2523 503 2555 time
532 2522 574 2554 he
603 2533 674 2554 was
702 2522 898 2566 frequently
925 2523 1113 2566 employed
1141 2523 1174 2554 in
1195 2523 1386 2555 embassics
1413 2523 1542 2556 abroad
1564 2525 1630 2556 and
1651 2533 1743 2557 must

420 2582 509 2613 have
536 2581 624 2612 been
656 2582 689 2612 in
723 2581 780 2613 the
809 2581 933 2613 favour
965 2581 1006 2613 of
1027 2581 1084 2613 the
1111 2582 1212 2624 lx'ing.
1258 2582 1284 2613 It
1318 2582 1345 2613 is
1384 2582 1539 2625 possible
1577 2583 1744 2615 however

421 2639 494 2671 that
520 2638 654 2681 Wyelis
677 2639 762 2670 does
791 2646 851 2670 not
877 2640 967 2671 reser
994 2647 1028 2671 to
1049 2650 1065 2671 a
1085 2639 1305 2682 deprivation
1334 2639 1374 2671 of
1397 2641 1439 2671 all
1469 2640 1522 2671 liis
1540 2641 1741 2684 temporali-

420 2698 495 2737 ties,
529 2697 589 2728 but
616 2703 651 2728 to
678 2707 776 2728 some
803 2708 871 2729 one
899 2704 1007 2729 estate
1039 2697 1079 2729 of
1102 2696 1217 2729 which
1246 2697 1290 2729 he
1316 2708 1388 2729 was
1415 2698 1584 2741 deprived
1612 2699 1657 2741 by
1683 2699 1741 2731 the

421 2756 541 2797 King's
568 2762 682 2786 courts
710 2756 742 2786 in
775 2755 833 2787 the
865 2766 989 2787 course
1015 2756 1054 2787 of
1076 2766 1094 2787 a
1122 2756 1259 2788 lawsuit
1287 2756 1491 2796 (Matthew).
1624 2758 1655 2788 8.
1681 2758 1739 2789 Jo-

420 2814 554 2846 hannes
587 2814 770 2845 Graunson
799 2824 852 2856 ap.
888 2813 1132 2854 VValsingham
1160 2814 1181 2845 1.
1208 2824 1235 2846 e.
1271 2824 1347 2857 pag.
1377 2815 1453 2857 309.
1498 2814 1549 2846 Cf.
1579 2815 1677 2846 Rolls
1705 2816 1745 2846 os

422 2871 629 2903 l'arliament
656 2872 695 2913 II,
729 2872 819 2913 245⁸.
916 2873 947 2903 δ’.
974 2884 1006 2915 (Η).
1032 2871 1191 2903 Thomas
1218 2872 1260 2903 de
1295 2873 1379 2915 Lyle
1412 2883 1469 2904 see
1495 2872 1738 2915 Walsingham

420 2931 442 2970 1,
473 2931 548 2962 285.
697 2942 743 2963 ιω.
773 2930 823 2962 Cf.
852 2930 950 2961 Rolls
976 2930 1016 2961 os
1039 2930 1253 2962 l‘arliament
1282 2931 1334 2970 111,
1370 2928 1437 2962 22¹¹.
