2045 3312
316 266 405 295 CAP.
426 256 525 315 xix]
831 270 891 302 DE
918 270 1153 302 ECCLESIA.

177 384 312 427 Q192¹³
331 375 514 414 ecclesie.
572 375 625 414 Et
675 374 830 414 iterum
882 375 1260 428 proporcionaliter
1311 385 1357 415 ut
1409 377 1650 416 membrum

330 445 498 484 ecclesie
542 445 668 484 habet
711 445 806 498 plus
860 446 909 484 de
955 445 1107 485 talibus
1153 445 1490 498 possessionibus
1545 445 1650 486 foret

330 514 557 567 perfeccior
588 523 627 555 et
659 515 828 554 ecclesie
862 515 1129 567 necessarior,
1169 524 1208 555 et
1240 515 1295 555 sic
1329 515 1471 555 fratres
1505 525 1544 556 et
1575 516 1649 555 viri

329 585 646 638 contemplativi
673 584 811 625 forent
833 586 911 624 sub
935 599 1020 625 non
1045 586 1177 638 gradu
1202 586 1457 626 necessitatis
1482 586 1650 626 ecclesie

296 664 368 698 5et
411 668 587 708 persone
633 655 797 694 mundo
843 654 991 695 divites
1037 655 1218 696 maxime
1264 656 1504 707 necessarie,
1554 656 1652 710 quia

329 725 483 764 nullius
527 725 737 778 possessio
782 735 843 765 est
887 726 1142 766 necessarior
1189 726 1360 766 ecclesie
1413 740 1542 780 quam
1593 735 1652 766 est

330 795 430 848 ipse.
476 795 557 835 Sed
601 795 702 848 quid
749 796 844 849 plus
884 806 1136 850 repugnaret
1184 796 1389 850 scripture
1435 811 1548 837 sacre
1586 797 1650 835 vel

328 865 450 905 sacris
481 866 643 919 legibus
683 867 733 906 de
772 875 902 906 status
940 865 1205 908 minoritate?
1248 868 1344 907 Ideo
1387 867 1648 907 consulerem

329 935 521 975 fratribus
560 937 675 991 quod
720 937 898 977 omnino
931 937 1169 978 resisterent
1200 938 1265 978 isti
1298 938 1520 990 sentencie,
1554 938 1652 991 quia

272 1024 311 1047 10
330 1007 485 1046 nedum
520 1008 739 1061 derogaret
771 1008 1023 1061 perfeccioni
1057 1022 1129 1049 sue
1152 1009 1401 1048 retrahendo
1435 1008 1652 1057 seculares,

329 1090 379 1116 ne
412 1076 617 1129 accipiant
650 1078 843 1118 ordinem
879 1078 1116 1132 evangelice
1149 1079 1419 1132 paupertatis,
1459 1079 1530 1118 sed
1564 1078 1651 1117 ani-

328 1156 461 1187 maret
483 1147 630 1187 divites
654 1149 781 1187 seculi
813 1162 862 1188 ne
896 1148 1068 1189 faciliter
1090 1149 1391 1202 imperciantur
1414 1148 1470 1188 eis
1494 1149 1651 1188 elemo-

329 1217 438 1257 sinas
478 1219 730 1271 corporales.
785 1219 961 1259 Possent
1005 1219 1118 1258 enim
1165 1220 1368 1259 seculares
1415 1219 1549 1258 dicere
1589 1223 1653 1273 (ut

329 1287 466 1326 audivi
502 1290 708 1342 quosdam
740 1289 966 1329 instructos
989 1290 1135 1329 exista
1165 1287 1413 1344 sentencia):
1448 1290 1515 1328 Tu
1551 1288 1653 1327 dicis

276 1359 447 1410 15quod
480 1368 563 1398 tam
599 1360 829 1399 necessaria
864 1369 925 1400 est
954 1360 1086 1400 modo
1110 1360 1322 1413 possessio
1352 1359 1653 1413 temporalium

330 1443 459 1481 quam
507 1431 735 1470 necessaria
783 1430 861 1471 fuit
906 1431 947 1470 in
992 1431 1205 1484 primitiva
1250 1431 1423 1471 ecclesia
1467 1439 1652 1483 potestas

330 1498 507 1538 faciendi
560 1500 774 1552 miracula,
838 1502 909 1540 sed
970 1501 1179 1554 possessio
1231 1501 1535 1554 temporalium
1595 1510 1655 1540 est

330 1569 498 1608 ecclesie
533 1570 674 1610 utilior
719 1579 759 1610 et
803 1571 1110 1624 congruencior
1154 1571 1195 1610 in
1235 1571 1490 1611 secularibus
1524 1584 1654 1624 quam

329 1639 370 1678 in
405 1640 530 1680 clero.
580 1641 676 1680 Ideo
713 1655 841 1695 quam
876 1641 1107 1681 necessaria
1141 1641 1218 1681 fuit
1251 1641 1289 1680 in
1326 1641 1436 1681 clero
1469 1650 1654 1694 potestas

272 1725 313 1748 20
331 1709 507 1750 faciendi
541 1711 741 1750 miracula
775 1712 815 1750 in
852 1712 1061 1765 primitiva
1095 1712 1281 1765 ecclesia,
1314 1721 1401 1751 tam
1425 1711 1655 1751 necessaria

330 1790 390 1820 est
422 1781 546 1820 hodie
579 1781 621 1820 in
655 1782 910 1822 secularibus
945 1783 1159 1835 possessio
1193 1791 1367 1824 terrena.
1412 1783 1492 1822 Sed
1525 1796 1653 1821 nemo

330 1850 370 1889 in
424 1852 635 1904 primitiva
687 1852 858 1892 ecclesia
912 1853 1166 1893 diminueret
1219 1854 1269 1892 de
1322 1862 1528 1906 potestate
1582 1866 1656 1891 sua

331 1921 506 1960 faciendi
531 1922 731 1961 miracula
753 1932 925 1975 propter
950 1923 1304 1963 communionem
1327 1937 1424 1963 cum
1448 1923 1654 1973 fratribus,

332 2005 428 2043 ergo
464 2005 538 2031 nec
583 1993 777 2032 secularis
816 1993 939 2033 debet
980 1993 1296 2033 communicare
1331 2008 1428 2033 cum
1463 1993 1655 2033 fratribus

276 2062 381 2100 25de
415 2063 680 2115 possessione
715 2064 1029 2117 temporalium,
1071 2078 1121 2103 ne
1155 2064 1416 2104 diminuatur
1449 2064 1655 2117 perfeccio

332 2132 407 2171 sibi
442 2134 691 2185 necessaria,
737 2143 775 2173 et
814 2134 869 2173 sic
903 2134 1027 2174 frater
1060 2135 1130 2189 qui
1172 2135 1223 2174 ad
1255 2134 1335 2174 hoc
1368 2135 1560 2174 hortatur
1592 2135 1655 2173 vel

333 2203 526 2253 consulit,
567 2203 706 2244 deficit
738 2219 760 2244 a
794 2204 973 2255 caritate,
1017 2205 1154 2244 nitens
1187 2204 1486 2257 dampnificare
1520 2205 1656 2258 gracia

333 2282 504 2325 questus
527 2275 827 2327 temporalium
853 2274 1020 2315 fratrem
1044 2289 1184 2316 suum.
1210 2276 1289 2315 Sed
1314 2275 1409 2328 quis
1433 2284 1656 2329 temptaret

332 2343 467 2383 taliter
499 2345 740 2384 membrum
774 2343 953 2385 Christi?

280 2416 318 2449 R
392 2414 432 2454 Si
467 2414 618 2454 dicitur
657 2416 771 2469 quod
805 2424 979 2469 propter
1011 2415 1318 2468 dispersionem
1351 2415 1657 2469 temporalium

335 2495 582 2525 accresceret
627 2486 920 2525 elemosinanti
966 2487 1130 2525 donum
1164 2486 1379 2539 spirituale
1412 2485 1656 2539 perfeccius,

303 2555 414 2600 1hoc
448 2565 652 2609 repugnat
685 2556 895 2596 sentencie
925 2565 1098 2609 propter
1121 2557 1224 2596 duo:
1258 2556 1402 2596 Primo
1436 2556 1534 2609 quia
1557 2565 1656 2594 tunc

336 2626 442 2665 foret
476 2626 699 2679 expediens
745 2627 982 2680 cuicunque
1021 2626 1171 2666 clerico
1210 2626 1525 2679 possessionato
1560 2626 1655 2678 plus

387 2782 416 2807 4,
436 2774 476 2809 Αι
497 2775 653 2809 corrigere
669 2776 749 2803 vult:
772 2776 829 2801 sub
847 2783 908 2802 uno
924 2783 1044 2810 genere.
1189 2774 1216 2802 8.
1238 2776 1265 2802 A
1282 2776 1311 2802 in
1328 2783 1444 2809 marga:
1467 2775 1655 2802 Consilium.

335 2830 369 2848 ιι,
396 2829 432 2848 12.
456 2822 494 2849 B:
516 2822 539 2848 si
568 2822 730 2850 animaret.
881 2830 921 2850 22.
943 2823 1132 2850 diminueret
1156 2823 1185 2849 in
1206 2822 1315 2849 codd.:
1337 2823 1385 2849 An
1408 2821 1657 2849 diminueretur?

335 2876 380 2902 24.
404 2869 443 2895 82
465 2870 534 2896 ideo
559 2878 623 2896 nec.
733 2869 774 2896 25.
796 2868 834 2895 B:
858 2877 894 2896 ne
915 2869 1009 2896 deest.
1132 2869 1178 2897 30.
1199 2870 1227 2896 A
1249 2868 1269 2894 B
1292 2869 1320 2896 in
1343 2876 1459 2903 marga
1482 2868 1656 2904 Responsio

334 2915 479 2950 quedam.

1684 943 1789 971 Frinrs
1812 943 1925 970 should

1696 988 1818 1014 oppose
1839 979 1915 1005 such

1729 1015 1883 1049 teaching,

1694 1304 1729 1322 or
1749 1296 1769 1322 it
1792 1304 1861 1331 may
1885 1296 1920 1322 he

1679 1331 1788 1358 turned
1811 1331 1930 1365 against

1761 1366 1855 1393 them.
