2045 3312
303 244 392 273 CAP.
409 233 537 293 xvnr]
815 248 875 279 DE
901 247 1139 280 EcctAEsiA.

142 364 179 397 N
201 362 280 396 188¹³
296 353 390 393 Non
415 354 539 393 debui
558 353 619 392 sic
641 352 822 402 dixisse;
853 352 928 392 secl
958 366 1052 392 ecce
1081 352 1248 392 domino
1282 354 1478 407 contigit:
1513 354 1622 394 dixit

294 429 333 462 et
356 423 546 476 perdidit
578 423 759 471 multos,·
794 422 1003 462 solacium
1046 423 1186 476 itaque
1219 424 1260 462 in
1294 423 1461 463 domino
1495 424 1618 463 liabe-

296 507 421 533 amus
455 500 494 532 et
528 500 668 532 tamen
702 499 824 532 cante
846 493 973 532 verba
999 493 1205 534 dicamus.
1240 494 1340 532 Non
1365 494 1463 533 dicit
1486 483 1620 533 onini-

298 563 419 603 mode
433 569 653 603 taceamus
667 562 732 601 vel
748 563 969 603 veritatem
987 562 1220 604 dicentibus
1240 564 1506 611 resistamus,
1524 564 1623 617 quia

266 644 439 676 5revera
467 634 523 673 sic
546 634 721 686 prodere
750 647 988 673 sermonem
1010 633 1099 684 Dei,
1131 634 1201 687 qui
1239 642 1299 673 est
1326 634 1475 673 veritas
1499 643 1537 673 et
1558 634 1622 673 lex

299 703 466 757 Christi,
486 703 592 743 foret
612 703 755 756 ipsum
769 704 960 756 prodere,
985 717 1082 742 cum
1105 703 1155 742 sit
1172 703 1296 743 idem.
1323 704 1444 743 Unde
1458 703 1622 743 videtur

301 774 417 826 quod
449 773 579 813 nostri
612 772 796 827 pretensi
830 773 880 812 de
912 782 1026 826 parte
1061 773 1226 812 dextera
1271 787 1425 826 sponse
1465 773 1621 813 Christi

303 843 375 896 qui
413 843 469 882 sic
507 844 695 896 produnt
741 843 959 882 veritatem
1002 843 1045 882 in
1089 843 1291 882 membris
1337 844 1421 884 suis
1467 844 1622 884 habent

302 913 514 953 racionem
547 913 796 953 maioritatis
835 912 997 966 peccati
1038 927 1165 966 super
1203 914 1352 953 ambos
1385 914 1620 966 proditores

248 1005 285 1026 ιο
302 982 456 1023 Christi
511 993 596 1023 tam
658 983 758 1023 novi
810 997 940 1036 quam
992 983 1140 1022 veteris
1198 984 1450 1024 testamenti.
1512 986 1621 1024 Nam

304 1053 425 1106 plura
469 1053 669 1093 beneficia
720 1063 807 1093 tam
859 1053 1093 1106 corporalia
1142 1066 1272 1106 quam
1323 1053 1556 1107 spiritualia
1599 1069 1622 1094 a

304 1123 473 1164 Christo
518 1133 772 1177 receperant,
818 1123 1022 1162 maiorem
1062 1123 1244 1162 veritatis
1289 1124 1491 1164 noticiam
1534 1133 1622 1164 tam

302 1208 350 1232 ex
387 1193 476 1247 lege
522 1193 677 1234 Christi
717 1207 847 1247 quam
885 1207 933 1232 ex
974 1192 1090 1232 factis
1135 1193 1220 1233 suis
1270 1193 1514 1234 habuerant.
1570 1195 1622 1234 Et

301 1263 396 1303 ideo
429 1264 597 1303 racione
621 1263 792 1303 maioris
815 1262 1127 1316 ingratitudinis
1160 1272 1200 1303 et
1221 1264 1421 1316 peccandi
1447 1264 1622 1304 sciencie

248 1343 284 1376 15
300 1334 477 1385 videtur,
503 1334 534 1373 si
559 1334 712 1374 fuerint
734 1334 777 1373 in
799 1333 948 1373 maiori
973 1333 1109 1386 gracia
1132 1335 1367 1373 secundum
1383 1343 1622 1387 presentem

301 1403 524 1456 iusticiam,
558 1405 675 1458 quod
708 1404 908 1444 maiorem
949 1404 1118 1456 culpam
1150 1404 1383 1455 incurrant;
1429 1413 1468 1444 et
1500 1404 1622 1444 istam

302 1475 520 1514 materiam
542 1475 675 1527 tangit
697 1475 842 1514 beatus
863 1474 1101 1528 Gregorius,
1120 1474 1287 1514 Omelia
1309 1475 1464 1515 XVIIIa
1498 1488 1623 1526 super

299 1544 404 1584 illud
425 1544 625 1584 Johannis
648 1545 777 1595 V1110‚
809 1545 886 1596 46:
917 1543 960 1583 Si
982 1545 1198 1584 veritatem
1232 1544 1337 1595 dico,
1371 1558 1506 1598 qnare
1539 1558 1620 1583 non

300 1615 467 1655 creditis
502 1615 635 1654 nzilzi?
652 1616 794 1663 Multi,
827 1615 977 1669 inquit,
1009 1622 1110 1655 sunt
1141 1614 1262 1654 hodie
1293 1615 1365 1668 qni
1385 1614 1619 1654 Jncz'eornnz

244 1707 285 1727 20
301 1686 509 1725 duriciam
575 1686 852 1735 detestantur,
914 1686 1013 1739 quia
1060 1685 1401 1738 predicacionem
1465 1685 1623 1724 domini

299 1756 451 1796 audire
484 1757 712 1796 noluerant
734 1763 771 1795 et
795 1763 934 1795 tamen
967 1756 1116 1809 quales
1139 1756 1235 1795 illos
1259 1762 1456 1808 arguunt
1473 1756 1622 1809 fnisse

299 1826 355 1865 ad
375 1826 528 1880 fidem,
578 1827 683 1866 tales
717 1827 797 1879 ipsi
827 1832 929 1865 sunt
966 1825 1022 1864 ad
1059 1826 1366 1878 operacionenz.
1420 1826 1620 1878 Precepta

299 1897 382 1936 Dei
432 1897 624 1946 audiunt,
679 1897 888 1935 miracula
932 1902 1209 1949 cognoscunt,
1245 1895 1320 1935 sed
1363 1896 1550 1935 converti
1595 1909 1620 1934 a

292 1967 577 2019 pravitatibus
610 1967 700 2006 suis
733 1973 933 2006 renuunt.

251 2046 282 2079 O
356 2037 423 2076 Ad.
456 2037 665 2076 decimam
696 2036 981 2076 raciunculam
1015 2036 1305 2088 respondetur,
1347 2037 1619 2075 concedendo

301 2108 416 2160 quod
450 2107 620 2147 ecclesia
654 2116 715 2146 est
748 2107 879 2159 virgo.
914 2106 967 2145 Et
999 2106 1233 2159 allegantur
1262 2106 1312 2144 ad
1345 2105 1426 2144 hoc
1456 2107 1620 2145 decreta

301 2177 483 2227 ecclesie,
517 2186 556 2217 et
589 2176 646 2216 sic
670 2176 820 2216 dicitur
843 2176 1122 2227 iuvenescere,
1157 2189 1382 2227 senescere,
1417 2185 1455 2216 et
1487 2177 1620 2215 multa

300 2247 378 2287 alia
404 2247 615 2301 predicata
641 2246 815 2300 suscipit
836 2260 1022 2300 quorum
1045 2246 1257 2285 racionem
1282 2254 1450 2299 oportet
1472 2246 1617 2285 distin-

300 2329 443 2369 guere,
461 2318 552 2369 alia,
576 2317 726 2371 inquit,
750 2317 946 2357 dicuntur
969 2316 1136 2370 proprie
1159 2317 1210 2355 de
1235 2316 1417 2368 ecclesia,
1438 2325 1483 2356 ut
1503 2316 1619 2369 quod

242 2404 284 2436 30
299 2387 423 2427 habet
463 2387 723 2441 temporalia,
757 2386 974 2440 privilegia
1018 2395 1057 2426 et
1095 2386 1285 2438 regulam
1316 2385 1496 2435 vivendi,
1540 2385 1619 2424 alia

300 2467 440 2497 autem
473 2457 669 2497 dicuntur
700 2458 750 2496 de
783 2456 953 2497 ecclesia
985 2456 1230 2510 improprie,
1275 2455 1547 2495 methaforice
1579 2464 1618 2494 et

352 2607 380 2635 8.
401 2608 429 2635 A
445 2608 499 2642 Ax:
522 2608 665 2643 perdunt.
776 2614 816 2636 14.
838 2606 866 2633 A
886 2606 941 2640 Ax:
964 2604 1111 2640 peccandi
1127 2605 1214 2632 scire.
1344 2613 1382 2639 ¹7-
1407 2607 1433 2632 A
1455 2605 1483 2632 in
1501 2612 1615 2639 marg.:

300 2655 482 2690 Gregorius.
639 2652 681 2680 25.
703 2653 731 2680 A
754 2653 783 2680 in
806 2660 921 2687 marg.:
944 2652 1060 2687 Quinta
1081 2652 1254 2686 responsio.
1288 2651 1426 2679 Ecclesia
1453 2656 1498 2679 est
1519 2651 1617 2687 virgo,

300 2706 405 2733 mater,
425 2702 526 2730 vetula
548 2705 574 2728 et
596 2708 710 2736 sponsa
731 2704 786 2726 etc.
931 2697 976 2725 28.
998 2705 1045 2732 29.
1070 2699 1115 2725 A:
1137 2698 1338 2733 distinguere.

366 2819 416 2852 18.
444 2820 589 2863 Gregor.
614 2821 674 2852 XL
702 2818 935 2851 Homiliarum
962 2818 996 2849 in
1023 2828 1146 2860 evang.
1172 2817 1229 2849 lib.
1256 2818 1280 2858 I,
1308 2818 1412 2849 Hom.
1438 2816 1559 2858 XVIII,
1587 2816 1615 2848 5.

303 2878 356 2911 26.
384 2879 558 2921 Compare
584 2889 616 2921 p.
649 2878 721 2910 115.
749 2879 770 2912 l.
800 2877 853 2909 23.

1635 2061 1676 2080 10.
1700 2053 1751 2090 My
1771 2062 1892 2090 oppon-

1653 2093 1704 2116 ent
1724 2089 1833 2116 allows
1855 2091 1906 2116 the

1687 2123 1857 2159 Scripturai

1654 2166 1761 2186 names
1783 2159 1817 2186 of
1833 2161 1883 2186 the

1671 2194 1796 2221 Church
1821 2195 1873 2221 but

1652 2238 1722 2265 says
1743 2230 1814 2265 they
1841 2237 1891 2256 are

1665 2264 1740 2291 used
1762 2265 1874 2299 ligura-

1716 2300 1822 2335 tively.
