2045 3312
278 280 512 339 CAP.XV111.]
800 294 860 325 DE
887 294 1121 326 ECCLESJA.
1803 283 1887 333 435

127 409 262 452 legd
277 401 483 442 ceduntur
521 401 572 439 de
610 399 781 440 ecclesia
814 413 896 452 que
939 398 1169 452 improprie
1209 397 1287 437 sibi
1327 397 1599 450 conveniunt,

277 471 414 510 multo
458 470 591 524 magis
636 469 773 509 forent
811 469 1024 522 predicata
1063 470 1113 508 de
1145 468 1319 508 ecclesia
1357 468 1601 522 simpliciter

237 541 545 583 2concedenda
578 553 659 594 que
691 539 861 592 proprie
894 539 971 578 sibi
1005 538 1277 578 conveniunt.
1312 538 1353 578 Si
1378 552 1476 591 ergo
1501 552 1598 590 pro·
1624 545 1684 573 and
1705 555 1741 574 so
1762 547 1818 573 has
1840 554 1878 574 no

276 610 363 662 prie
395 611 446 650 sit
477 610 617 662 nichil,
652 609 840 663 sequitur
873 608 1118 662 simpliciter
1151 609 1270 662 quod
1302 608 1354 648 sit
1386 607 1527 659 nichil,
1561 616 1601 647 et
1705 587 1801 618 parts,

245 690 350 732 §per
388 693 648 733 consequens
690 693 776 718 non
811 688 872 719 est
903 678 1076 732 aliquid,
1110 688 1148 718 et
1182 688 1280 718 tunc
1312 692 1399 717 non
1431 678 1601 717 haberet

276 761 438 802 partem
476 749 765 804 qualitativam
803 758 875 789 aut
922 749 1259 802 quantitativam,
1305 748 1412 788 sicut
1451 762 1599 789 conce-

277 821 411 871 detur,
457 830 497 860 et
540 834 612 873 per
660 833 924 873 consequens
970 820 1085 859 nulla
1130 819 1427 859 denominacio
1472 818 1600 872 partis

277 889 383 930 foret
414 890 490 929 sibi
524 889 691 943 proprie
724 904 818 929 vere
852 899 891 929 et
924 889 1092 943 proprie
1126 889 1339 930 attributa.

225 970 263 1003 R
336 961 397 999 Ex
435 974 521 1013 quo
561 960 750 1015 sequitur
788 961 906 1014 quod
952 960 1125 1000 ecclesia
1169 960 1374 1000 catholica
1418 973 1505 999 non
1550 959 1601 999 sit

225 1052 262 1073 10
278 1044 437 1070 cesaree
470 1030 729 1085 privilegiata
761 1045 837 1070 nec
871 1030 1111 1071 seculariter
1143 1030 1468 1083 possessionata,
1503 1029 1600 1083 quia

278 1114 364 1139 non
403 1102 639 1141 secundum
677 1115 719 1141 se
757 1110 893 1141 totam
937 1099 1049 1153 (tum
1089 1101 1187 1155 quia
1225 1110 1285 1140 est
1321 1099 1599 1151 indivisibilis,

276 1179 369 1210 tum
408 1171 540 1210 eciam
573 1171 671 1224 quia
703 1171 848 1211 multis
882 1171 932 1210 de
966 1170 1137 1210 ecclesia
1169 1184 1257 1210 non
1289 1170 1488 1211 convenit
1520 1170 1600 1210 hoc

275 1241 541 1295 privilegium
599 1241 665 1281 vel
708 1241 785 1281 ista
822 1241 1007 1296 dotacio)
1056 1255 1132 1281 nec
1185 1241 1317 1280 eciam
1364 1241 1601 1281 secundum

276 1321 438 1364 partem
471 1325 552 1365 que
585 1311 691 1351 foret
722 1325 816 1364 pars
848 1311 961 1351 illius
994 1311 1178 1363 ecclesie,
1212 1325 1262 1351 eo
1288 1312 1403 1365 quod
1427 1311 1597 1364 spiritus

237 1382 383 1424 3beati
428 1382 499 1435 qui
539 1391 636 1422 sunt
676 1382 726 1421 de
775 1382 844 1421 illa
883 1382 1054 1422 ecclesia
1092 1390 1191 1422 sunt
1228 1381 1521 1434 indivisibiles;
1562 1390 1601 1422 et
1633 1389 1693 1417 and
1715 1397 1754 1417 no
1777 1389 1872 1423 head;

276 1452 332 1491 sic
371 1452 542 1492 ecclesia
586 1466 673 1492 non
718 1452 888 1492 haberet
931 1461 1094 1505 partem
1138 1451 1204 1490 vel
1246 1460 1398 1505 parteS,
1445 1460 1485 1491 et
1527 1465 1602 1505 per

276 1535 537 1576 consequens
582 1536 692 1575 papa
739 1536 827 1562 non
875 1521 981 1562 foret
1027 1522 1198 1576 proprie
1244 1532 1370 1575 caput
1416 1521 1600 1574 ecclesie,

276 1606 373 1631 cum
411 1592 501 1645 ipsa
539 1592 708 1646 proprie
747 1607 912 1646 semper
951 1592 1057 1632 foret
1094 1592 1308 1646 acephala,
1354 1592 1453 1646 quia
1498 1606 1600 1646 gens

276 1662 363 1702 sine
403 1663 548 1716 capite.
604 1662 746 1716 Caput
786 1662 899 1702 enim
940 1676 1025 1702 non
1064 1662 1232 1716 proprie
1265 1662 1415 1703 dicitur
1446 1662 1525 1702 nisi
1557 1662 1601 1702 in

220 1733 597 1786 zocomparacione
637 1734 689 1772 acl
731 1747 884 1786 corpus
925 1733 1171 1786 capitatum,
1212 1734 1283 1773 sed
1324 1732 1496 1772 ecclesia
1535 1731 1601 1787 (ut

276 1802 443 1856 dicitur)
481 1817 567 1842 non
600 1803 768 1856 proprie
802 1814 863 1843 est
896 1817 1063 1857 corpt1S‚
1099 1803 1197 1857 quia
1220 1803 1276 1843 sic
1299 1803 1469 1856 proprie
1492 1803 1601 1843 foret

276 1874 422 1925 horno,
458 1887 556 1927 ergo
590 1887 675 1912 non
711 1883 772 1913 est
805 1874 975 1926 proprie
1008 1873 1206 1926 capitata3
1241 1882 1280 1913 et
1312 1887 1408 1913 curn
1431 1872 1601 1926 proprie

277 1953 349 1994 est,
383 1943 572 1997 sequitur
604 1944 720 1997 quod
755 1943 805 1984 sit
837 1944 1006 1997 proprie
1038 1943 1278 1996 incapitata,
1321 1952 1361 1984 et
1392 1957 1465 1996 per
1498 1957 1599 1983 con-

235 2024 455 2067 4sequens
488 2023 548 2053 est
586 2013 822 2066 incapitata,
856 2023 895 2054 et
927 2028 1000 2067 per
1042 2014 1155 2053 idem
1187 2013 1373 2067 quelibet
1406 2013 1601 2053 abbathia
1655 2031 1793 2060 likewise
1814 2040 1854 2060 no

221 2092 259 2124 25
277 2083 361 2123 sive
412 2084 558 2136 religio
604 2097 691 2123 non
736 2083 843 2124 foret
886 2084 1054 2138 proprie
1098 2084 1270 2138 antiqua
1315 2084 1376 2123 ve]
1423 2083 1599 2134 iuvenis,
1650 2068 1852 2138 cgssfigssffign

277 2168 352 2193 nec
385 2154 475 2207 ipsa
509 2168 583 2193 nec
617 2154 758 2207 aliqua
790 2168 885 2208 pars
919 2155 1007 2195 eius
1040 2155 1210 2194 haberet
1241 2154 1409 2207 proprie
1432 2168 1599 2207 posses·
1614 2138 1888 2209 ςοᾞῇγξξῑῃοζςάο

278 2225 430 2276 siones,
465 2238 563 2264 cum
596 2238 682 2264 non
715 2225 766 2264 sit
797 2225 967 2279 proprie
998 2238 1136 2265 unum
1166 2233 1308 2264 totum
1341 2225 1402 2264 vel
1427 2224 1598 2277 aliquid,

278 2308 352 2334 nec
391 2294 618 2348 quisquam
656 2294 764 2334 foret
804 2295 846 2334 in
880 2295 1052 2335 ecclesia
1084 2295 1148 2335 vel
1182 2295 1232 2334 de
1265 2294 1448 2335 ecclesia.
1502 2296 1597 2334 Non

277 2364 389 2404 enim
412 2365 453 2403 in
477 2366 666 2415 ecclesia,
697 2365 796 2418 quia
827 2365 884 2405 sic
917 2366 1023 2405 foret
1055 2379 1149 2419 pars
1173 2366 1372 2405 datorum
1394 2363 1596 2417 fidelium,

235 2443 260 2474 5
276 2444 315 2474 et
347 2434 403 2474 sic
436 2448 584 2474 omnes
608 2444 911 2488 componerent
933 2435 1106 2488 aliquod
1128 2448 1266 2474 unum
1294 2445 1469 2488 corpus3
1497 2448 1598 2474 nam
1625 2461 1682 2481 nor
1702 2454 1794 2493 comd
1817 2462 1876 2491 any

277 2504 307 2543 si
353 2503 505 2544 sufficit
548 2506 600 2544 ad
644 2519 731 2544 esse
782 2505 967 2545 hominis
1006 2506 1072 2545 vel
1116 2505 1285 2545 alterius
1322 2506 1379 2545 rei
1418 2519 1508 2545 esse
1547 2489 1891 2552 deoqgebfflflrgfipf

277 2573 487 2627 aliquibus
521 2576 637 2628 quod
671 2575 722 2615 sit
753 2576 803 2614 de
836 2589 1014 2615 numero
1048 2575 1233 2627 illorum,
1267 2585 1369 2616 tunc
1391 2575 1598 2630 quidlibet

278 2644 386 2684 foret
424 2646 472 2684 de
513 2646 675 2685 mundo
716 2655 755 2685 et
786 2646 925 2685 omnis
958 2645 1162 2698 prescitus
1193 2646 1258 2685 vel
1291 2647 1597 2699 predestinatus

279 2713 383 2754 foret
421 2724 507 2755 tam
543 2716 593 2755 de
632 2715 820 2768 prescitis
854 2729 981 2769 quam
1015 2716 1306 2769 predestinatis
1339 2725 1379 2756 et
1413 2717 1598 2770 quelibet

329 2885 354 2913 3.
376 2895 404 2919 4.
422 2886 460 2913 B:
476 2886 510 2913 Si
525 2894 598 2921 ergo
616 2886 657 2913 sit
672 2886 808 2921 proprie,
830 2887 981 2922 sequitur.
1057 2896 1099 2915 10.
1120 2890 1148 2916 A
1162 2889 1219 2924 A1:
1242 2895 1385 2922 cesarea3
1407 2887 1446 2915 B:
1469 2888 1595 2916 cesarie.

277 2941 323 2968 29.
346 2934 372 2960 Α
395 2934 452 2967 Al:
474 2933 637 2961 doctorum
661 2932 808 2962 fidelium.
1436 2971 1479 3005 8*

1415 2984 1431 3006 2
