2045 3312
140 299 221 339 360
868 309 1092 341 JOHANNIS
1121 309 1315 341 wvcrir.
1540 295 1644 354 [cm.
1674 305 1755 334 xvr

433 415 600 455 cionem
633 425 881 468 perpetuam
914 414 1084 455 ecclesie
1133 415 1252 454 nullo
1300 415 1431 454 modo
1479 414 1756 454 verisimiliter
1776 430 1851 470 ¹79⁴*
1875 427 1908 460 A

432 484 630 537 peccavit.

140 566 406 627 Thiffljujlessere
490 555 714 604 Quantum
738 556 790 593 ad
812 555 926 594 istud
948 563 1263 608 argumentum,
1287 568 1373 594 non
1390 564 1558 608 oportet
1579 569 1753 608 respon-

147 618 402 682 beggirigforxme
430 625 526 665 dere
549 626 600 665 ad
631 625 825 676 formam,
852 639 926 665 nec
950 625 1035 664 vidi
1068 625 1370 678 probacionem
1403 625 1622 679 assumpti,
1658 639 1756 666 cum

195 676 347 706 question.
430 694 621 735 Christus
646 695 801 748 recepit
824 695 1075 735 elemosinas
1099 695 1367 748 temporales,
1392 695 1498 735 sicut
1520 705 1559 736 et
1573 697 1787 749 apostoli5

426 767 477 806 ab
500 767 593 819 ipso
626 775 868 819 receperant
892 779 968 819 pro
1003 766 1225 819 temporali
1250 766 1486 819 indigencia
1518 780 1754 819 pauperum

424 836 647 876 relevanda
661 834 727 891 (ut
742 845 856 889 patet
869 836 959 877 Joh.
980 835 1091 890 VIO),
1102 846 1141 876 et
1155 846 1297 876 tamen
1313 850 1400 876 non
1415 836 1567 890 legitur
1581 847 1752 890 aposto-

424 907 487 945 los
511 907 712 960 recepisse
730 906 981 946 elemosinas
1003 920 1079 959 pro
1096 902 1350 960 p'auperibus
1365 916 1565 960 perpetue
1585 920 1751 947 conser-

424 977 594 1017 vandas.
641 977 694 1016 Et
733 985 942 1030 quantum
980 977 1031 1016 ad
1063 977 1168 1017 illud
1208 977 1516 1031 brogardicum,
1550 991 1648 1030 ergo
1681 991 1753 1030 per

423 1047 537 1086 idem
559 1047 624 1086 vel
648 1047 916 1100 questionem
939 1061 1091 1100 vagam
1114 1061 1194 1101 que
1218 1056 1279 1087 est
1307 1047 1509 1087 ultimum
1538 1047 1752 1100 refugium
1772 1067 1810 1088 10

424 1117 626 1170 simplicis
659 1117 869 1171 arguentis
904 1131 987 1171 qua
1020 1118 1208 1171 queritur
1252 1131 1334 1171 que
1372 1117 1423 1157 sit
1461 1117 1572 1158 racio
1617 1117 1750 1157 diver-

426 1187 572 1238 sitatis,
605 1196 831 1242 retorqueo
865 1197 1094 1242 utrumque
1128 1187 1169 1227 in
1203 1196 1464 1240 arguentem.

140 1277 245 1305 Christ
266 1277 346 1305 0000
368 1285 403 1304 us
486 1257 527 1297 Si
563 1257 755 1298 Christus
789 1258 934 1298 docuit
966 1271 1044 1298 nos
1076 1258 1119 1297 in
1151 1258 1236 1298 suis
1268 1257 1470 1311 apostolis
1496 1271 1578 1298 non
1612 1259 1799 1300 sonci-B

131 1319 234 1377 Ποῑςᾷῗ)
245 1314 299 1376 ,gre
313 1321 411 1375 tffise'
425 1329 512 1368 tari
533 1328 575 1368 in
599 1328 856 1380 crastinum,
880 1329 981 1381 quia
997 1328 1160 1383 sufficit
1182 1329 1265 1369 diez·
1278 1328 1451 1369 malicia
1465 1341 1562 1379 sua,
1578 1328 1753 1369 Matthei

195 1392 348 1418 morrow3
424 1399 518 1451 VIO,
556 1399 620 1449 34,
667 1407 706 1438 et
739 1412 827 1437 non
862 1399 1028 1438 videtur
1059 1399 1186 1450 racio,
1231 1413 1357 1453 quare
1398 1412 1485 1438 non
1524 1398 1810 1451 preciperet15

426 1468 483 1508 eis
527 1468 746 1521 providere
779 1469 830 1509 de
875 1468 1230 1510 elemosinacione
1268 1478 1481 1523 perpetua,
1530 1482 1602 1522 per
1639 1469 1753 1509 idem

424 1539 656 1592 preciperet
679 1538 735 1578 eis
750 1539 971 1592 providere
995 1541 1044 1579 de
1068 1540 1420 1580 elemosinacione
1442 1548 1664 1593 perpetua3
1686 1539 1751 1579 vel

423 1609 534 1648 racio
556 1608 801 1649 diversitatis
826 1608 1100 1651 confirmatur
1115 1624 1162 1650 ex
1184 1611 1264 1650 hoc
1285 1612 1403 1664 quod
1426 1620 1617 1663 tempore
1639 1624 1742 1663 apo-

424 1678 633 1718 stolorum
658 1678 827 1720 fuerunt
850 1680 1045 1720 homines
1068 1680 1309 1721 devociores
1343 1690 1382 1721 et
1414 1681 1465 1720 ad
1498 1679 1748 1720 elemosinas

423 1748 716 1802 prompciores
751 1759 789 1790 et
824 1760 920 1803 post
952 1751 1174 1802 avariores,
1208 1765 1306 1804 ergo
1332 1750 1477 1790 fuisset
1510 1763 1748 1803 congruum
1766 1768 1807 1789 20

424 1819 543 1872 quod
575 1819 654 1872 ipsi
687 1820 944 1874 obligassent
977 1835 1077 1861 suos
1100 1821 1271 1861 heredes
1305 1821 1356 1860 ad
1380 1820 1630 1860 elemosinas
1654 1833 1746 1873 per-

424 1897 588 1942 petuas.
644 1889 685 1930 Si
726 1889 888 1930 dicatur
929 1892 1045 1944 quod
1083 1892 1279 1932 voluntas
1325 1890 1480 1932 Christi
1533 1899 1592 1930 est
1636 1889 1747 1929 racio

425 1958 672 1999 diversitatis
698 1959 923 2013 sufficiens,
957 1975 1099 2001 revera
1127 1961 1183 2001 sic
1207 1961 1397 2002 doctrina
1421 1960 1575 2001 Christi
1608 1973 1746 1999 exem-

425 2029 537 2081 plata
571 2029 709 2070 future
743 2031 915 2071 ecclesie
961 2041 1021 2072 est
1065 2031 1177 2072 racio
1223 2031 1482 2083 diversitatis,
1529 2039 1568 2071 et
1613 2029 1749 2069 forma

426 2097 639 2139 sufficiens
673 2101 725 2139 ad
758 2102 1022 2141 movendum
1055 2116 1133 2142 nos
1167 2101 1338 2142 clericos
1371 2101 1500 2141 ritum
1546 2100 1748 2154 gentilem
1765 2109 1804 2141 25

426 2169 612 2209 deserere
657 2180 697 2210 et
740 2185 915 2211 omnem
961 2172 1273 2212 solicitudinem
1314 2182 1502 2212 nostram
1533 2172 1745 2224 inpresen-

137 2259 233 2287 What
255 2260 399 2287 business
424 2239 583 2279 ciarum
616 2241 868 2293 proicientes
902 2241 943 2280 in
976 2242 1069 2295 ipso
1104 2242 1326 2282 confidere.
1358 2244 1454 2282 Non
1489 2241 1747 2281 solicitemur

150 2296 226 2322 have
248 2303 292 2322 we
319 2295 391 2322 with
904 2311 910 2318 .
1003 2313 1009 2318 .
1360 2312 1367 2319 .
1670 2310 1710 2331 .·„
1736 2310 1742 2316 .

136 2330 302 2369 providiiyg
323 2338 396 2357 1000
423 2323 523 2362 ergo
548 2311 770 2363 quomodo
795 2313 1082 2364 provldebitur
1105 2326 1217 2352 nunc
1241 2313 1291 2351 ad
1313 2313 1426 2351 mllle
1440 2325 1573 2352 annos
1591 2310 1742 2351 Ch11st1

160 2366 371 2428 yczzsnggssd-
422 2381 677 2433 pauperibus
710 2381 759 2420 de
784 2382 941 2434 pabulo
966 2382 1187 2435 corporali,
1222 2383 1294 2421 sed
1317 2382 1604 2435 permittentes
1628 2395 1740 2421 mor-

420 2460 515 2490 tuos
532 2451 704 2503 sepelire
725 2461 919 2491 mortuos
943 2466 1042 2492 suos
1058 2466 1286 2506 sequamur
1305 2452 1522 2492 Christum
1537 2452 1740 2492 attencius
1758 2458 1800 2490 30

418 2530 457 2560 et
473 2520 529 2559 sic
546 2520 775 2561 christianis
792 2522 940 2562 futuris
964 2524 1016 2562 ad
1037 2523 1148 2562 mille
1167 2537 1301 2562 annos
1325 2522 1457 2575 magis
1484 2521 1741 2575 proficimus,

418 2600 457 2630 et
471 2591 526 2631 ita
544 2594 608 2645 (ut
630 2592 712 2630 dixi
729 2592 940 2647 super1us)
960 2602 1161 2646 perpetua
1186 2593 1483 2633 elemosinacio
1503 2602 1563 2632 est
1579 2593 1739 2632 dotanti

416 2661 681 2701 inductivum
693 2662 935 2715 blaspheme
946 2663 1138 2716 superbie
1155 2672 1193 2702 et
1209 2662 1485 2702 elemosinato
1497 2661 1738 2702 fomentum

416 2731 631 2771 mundane
664 2731 922 2772 confidencie
955 2742 994 2772 et
1026 2732 1243 2786 vigilanter
1275 2731 1513 2786 requirendi
1547 2731 1739 2771 divinum

468 2853 492 2881 3.
513 2855 542 2882 A
564 2855 592 2882 in
610 2863 725 2891 marga
748 2855 934 2891 Responsio.
1026 2866 1055 2890 4.
1071 2857 1095 2884 5.
1118 2857 1157 2884 ss:
1179 2857 1329 2892 assumpti
1351 2857 1504 2886 christus.
1613 2867 1641 2894 9.
1664 2858 1736 2886 bro-

415 2901 500 2935 gardi
521 2909 590 2928 cum
613 2902 641 2928 in
663 2902 755 2929 codd.
918 2912 960 2930 10.
988 2903 1007 2930 B
1030 2903 1059 2930 in
1076 2912 1189 2938 marg:
1208 2904 1337 2939 Questio
1358 2912 1433 2939 vaga
1454 2912 1512 2939 quc
1535 2910 1578 2932 cst
1594 2904 1735 2932 ultimum

416 2947 569 2981 refugium
585 2947 733 2983 simplicis
750 2949 916 2984 arguentis.
934 2949 990 2977 Hic
1007 2955 1139 2978 notatur.
1248 2949 1288 2978 23.
1304 2958 1350 2984 24.
1374 2950 1411 2977 B:
1431 2950 1648 2986 exemplativa.
