2045 3312
130 287 206 326 124
853 283 1077 316 JOHANNIS
1106 283 1302 315 WYCLIF.
1556 269 1662 328 [CAP.
1678 279 1731 308 vi.

412 389 605 430 macione
643 390 751 430 Abel
788 390 885 431 iusti
928 398 967 430 et
1004 389 1185 430 aliorum
1225 398 1471 430 sanctorum
1509 401 1643 443 usque
1683 390 1885 441 ad145⁰H

411 460 773 513 incarnacionem,
832 469 1030 501 manente
1086 460 1286 500 continue
1345 460 1492 499 eadem
1549 461 1733 515 despon-

412 531 593 583 sacione,
628 545 727 572 cum
759 530 887 571 Cesar
920 544 1085 584 semper
1116 534 1337 584 Augustus
1371 530 1569 572 continue
1610 540 1735 585 auget

120 614 155 652 ιη,
174 613 224 640 1110
252 613 395 640 incarna-
411 602 570 642 dotem.
595 601 620 630 Ψ
644 602 687 641 In
721 600 1015 641 incarnacione
1047 614 1146 641 vero
1180 600 1277 641 fecit
1310 602 1512 641 secundas
1545 601 1733 655 nupcias,
1755 609 1832 653 145‘¹

119 648 395 722 5¹0¹?5iiyli‘im‘ssigis,
412 673 591 712 creando
625 672 841 726 quandam
872 671 1061 724 reginam
1084 680 1247 724 partem
1279 671 1416 711 tocius
1450 672 1619 712 ecclesie
1652 680 1766 726 que5

135 723 384 781 gilii1negd¹iifi1²3<ii1
411 743 596 796 quadam
644 742 901 796 proprietate
935 741 1086 781 dicitur
1118 741 1290 781 ecclesia
1323 741 1559 782 christiana.
1609 743 1733 783 Tunc

138 794 168 816 to
191 789 227 816 be
250 788 371 825 Queeu.
412 812 525 852 enim
549 814 633 852 dux
656 821 695 852 et
716 811 861 866 legifer
875 821 1016 852 noster
1036 811 1280 852 familiarius
1294 811 1514 866 alloquens
1530 826 1733 866 sponsam

412 897 534 923 suam
567 881 632 938 (ut
665 883 764 922 dicit
797 882 1015 936 apostolus
1042 883 1170 924 Hebr.
1205 882 1258 936 10)
1292 896 1365 935 per
1388 883 1733 936 assumpcionem

413 953 687 994 humanitatis
720 953 882 993 inducit
913 967 1029 993 arma
1061 962 1203 993 nostra
1236 962 1275 993 et
1298 962 1345 994 ut
1375 953 1490 1007 gigas
1523 954 1734 1007 superavit

410 1024 554 1064 hostes
588 1024 771 1076 ecclesie,
804 1023 1015 1063 redimens
1049 1033 1212 1077 partem
1251 1037 1404 1076 sponse
1436 1024 1734 1064 incarceratam
1754 1043 1792 1064 10

413 1104 452 1134 et
491 1095 648 1135 docens
687 1094 813 1134 aliam
853 1095 1076 1149 quomodo
1121 1103 1366 1148 sequeretur
1410 1093 1498 1134 eius
1544 1095 1731 1149 vestigia.

412 1166 533 1206 Unde
579 1174 666 1206 tota
710 1165 901 1206 doctrina
939 1165 1163 1206 christiana
1201 1174 1282 1206 stat
1325 1165 1368 1204 in
1412 1165 1491 1206 ista
1537 1165 1733 1206 oracione

411 1236 581 1277 ecclesie
626 1250 710 1291 qua
742 1250 942 1290 rogamus
976 1250 1185 1290 sponsum
1218 1250 1292 1290 per
1314 1237 1546 1277 adventum
1578 1236 1667 1276 eius
1690 1235 1733 1275 in

410 1320 592 1360 carnem,
639 1316 685 1347 ut
735 1308 884 1348 doceat
926 1321 1004 1347 nos
1046 1316 1206 1348 terrena
1257 1306 1468 1360 despicere
1512 1316 1551 1347 et
1594 1319 1733 1346 amare

411 1377 588 1417 celestia.
622 1377 858 1430 Despicere,
890 1377 932 1417 id
948 1386 1022 1430 est,
1045 1377 1087 1416 in
1112 1377 1339 1417 affeccione
1368 1386 1637 1430 postponere.
1662 1377 1732 1416 Ille
1752 1385 1788 1418 15

411 1447 524 1487 enim
563 1448 738 1501 despicit
775 1448 1026 1502 temporalia
1063 1448 1135 1502 qui
1174 1462 1197 1488 a
1241 1461 1409 1488 summa
1453 1448 1549 1488 sede
1593 1447 1732 1487 anime

409 1518 501 1571 ipsa
533 1518 657 1559 abicit
702 1528 742 1559 et
786 1519 883 1560 facit
932 1519 1021 1572 ipsa
1058 1518 1288 1559 intencioni
1334 1518 1551 1558 celestium
1595 1517 1729 1557 abiec-

409 1589 569 1629 tissime
613 1589 862 1630 ministrare.
904 1590 959 1629 Et
1001 1589 1106 1628 bene
1155 1588 1262 1628 foret
1309 1588 1386 1628 sibi
1431 1588 1502 1643 qui
1550 1588 1731 1642 perfecte

409 1659 597 1700 didicerit
649 1659 774 1700 istam
817 1659 1008 1712 regulam
1050 1658 1289 1713 religionis,
1333 1668 1434 1699 tunc
1474 1658 1587 1698 enim
1626 1658 1732 1698 foret

408 1729 450 1768 in
483 1738 592 1770 recta
624 1729 690 1769 via
722 1729 924 1784 sequendi
958 1743 1165 1783 sponsum
1203 1738 1244 1769 et
1281 1737 1545 1783 assumptam
1582 1729 1727 1769 iuven·
1746 1745 1788 1767 20

410 1800 549 1840 culam
581 1800 623 1839 in
656 1813 836 1854 regnum
868 1800 1070 1840 celorum.

117 1878 157 1904 At
178 1877 228 1904 the
258 1877 315 1904 last
345 1877 394 1904 ad·
468 1870 621 1910 Tercio
655 1884 753 1910 vero
786 1870 828 1909 in
861 1870 1014 1910 ultimo
1048 1871 1232 1911 adventu
1257 1869 1378 1910 faciet
1400 1884 1533 1924 agnus
1557 1870 1730 1924 nupcias

117 1917 189 1974 :31¹1st
201 1911 393 1974 ssslgfessssg?
410 1949 740 1993 consummatas,
765 1941 1010 1980 coronando
1035 1951 1075 1981 et
1097 1940 1389 1981 confirmando
1413 1941 1601 1995 reginam
1623 1941 1729 1981 inte·
1744 1946 1763 1979 Ι

128 1990 381 2080 ffiffegcgffillff,
408 2025 525 2065 gram
568 2025 651 2065 que
695 2020 757 2052 est
800 2025 884 2051 una
928 2011 1128 2052 columba
1172 2020 1211 2051 et
1254 2011 1499 2052 universalis
1545 2011 1730 2063 ecclesia,

116 2087 391 2158 wilffchurssxned
407 2095 494 2121 non
534 2095 628 2135 pars
661 2081 831 2122 alterius
871 2081 1042 2121 ecclesie
1076 2079 1142 2136 (ut
1180 2090 1295 2135 patet
1325 2085 1460 2135 Apoc.
1493 2080 1643 2136 XXIO).
1679 2082 1732 2122 Et
1747 2086 1787 2119 25

338 2145 343 2150 ’
407 2166 535 2206 super
566 2152 645 2192 ista
678 2152 1019 2192 consideracione
1049 2152 1259 2205 dependet
1291 2165 1444 2205 magna
1466 2165 1560 2204 pars
1583 2165 1729 2192 sensus

409 2223 612 2276 scripture
646 2231 686 2263 et
726 2222 884 2263 servicii
924 2222 1107 2263 ecclesie.
1156 2223 1266 2262 Nam
1311 2235 1358 2261 ex
1402 2220 1483 2261 fide
1528 2221 1602 2261 erit
1647 2235 1730 2261 una

408 2293 549 2334 totalis
590 2293 763 2333 ecclesia
799 2292 1029 2346 glorificata
1074 2301 1169 2345 post
1217 2291 1329 2331 diem
1375 2291 1532 2343 iudicii,
1577 2301 1617 2331 et
1661 2292 1730 2332 illa

408 2364 644 2404 secundum
677 2376 876 2415 magnam
909 2371 1071 2415 partem
1104 2371 1165 2402 est
1197 2362 1328 2401 modo
1362 2376 1518 2415 sponsa
1550 2362 1591 2401 in
1625 2363 1728 2415 celo,

408 2435 449 2473 in
483 2433 728 2488 purgatorio
752 2442 791 2473 et
823 2433 865 2472 in
898 2434 1075 2473 mundo.
1103 2433 1201 2473 Ideo
1235 2433 1304 2473 illa
1327 2442 1387 2473 est
1419 2433 1619 2473 continue
1644 2447 1727 2472 una
1743 2436 1786 2468 30

408 2505 653 2544 universalis
688 2513 727 2544 et
759 2513 903 2544 sancta
935 2513 1068 2544 mater
1100 2504 1284 2555 ecclesia,
1318 2513 1357 2544 et
1396 2504 1467 2543 illa
1499 2513 1560 2544 est
1599 2517 1728 2557 quam

459 2639 489 2664 4.
509 2632 538 2658 A
558 2631 587 2658 in
605 2638 701 2665 marg.
715 2629 875 2658 :Christus
888 2630 916 2657 in
934 2630 1153 2657 incarnacione
1165 2629 1327 2665 originavit
1339 2630 1501 2658 ecclesiam
1514 2629 1727 2658 christianam.

407 2676 434 2704 Η.
455 2678 482 2704 Α
504 2678 533 2704 in
555 2685 672 2712 marg:
692 2676 814 2712 ancie
837 2676 954 2704 Christi
977 2685 1032 2712 per
1054 2677 1317 2705 incarnacionem.
1460 2685 1497 2705 12.
1519 2677 1541 2704 Β
1563 2677 1592 2704 in
1609 2685 1724 2711 marg.:

407 2723 487 2751 Tota
509 2724 651 2751 doctrina
670 2724 840 2751 christiana
861 2728 918 2751 stat
939 2724 967 2751 in
990 2732 1049 2751 una
1070 2724 1226 2752 oracione.
1421 2723 1458 2752 15.
1480 2724 1518 2751 B:
1542 2732 1725 2759 preponere.

406 2778 451 2797 22.
471 2772 499 2798 A
521 2771 550 2797 in
573 2778 687 2805 marg:
708 2769 832 2806 ancie
852 2771 1117 2799 consumacionis.
1139 2771 1175 2798 B:
1202 2771 1333 2806 nupcias
1354 2776 1567 2807 consumptas.
1615 2770 1658 2799 25.
1686 2771 1724 2798 13:

406 2815 571 2845 Moralium
593 2816 674 2845 XXI.

467 2927 496 2958 3.
523 2925 575 2958 Cf.
604 2925 762 2969 Wyclif's
801 2927 851 2958 De
879 2925 1067 2958 Benedicta
1098 2925 1343 2959 Incarnacione
1382 2935 1456 2969 cap.
1487 2926 1524 2967 V,
1551 2936 1629 2969 pag.
1658 2925 1713 2970 67.
