2045 3312
164 273 243 311 506
881 283 1109 315 JOHANle
1135 283 1329 315 WYCLIF.
1567 269 1675 327 [CAP.
1694 281 1776 310 xxi.

159 399 192 446 ¹-¹!
207 397 434 448 enhescaselm
451 390 634 428 doctoris
673 389 712 428 in
754 390 901 429 eadem
935 388 1139 442 opinione
1172 398 1211 428 et
1243 390 1394 429 eodem
1427 390 1535 429 libro
1568 403 1698 443 quem
1730 390 1773 429 in
1796 399 1929 445 198³:M

168 432 422 504 ”aiiaiiiiiliffritss
451 460 597 499 eaden]
636 459 837 513 opinione
870 459 1042 513 implico
1076 459 1236 499 cencies
1269 473 1357 499 esse
1390 457 1662 499 mendacem?
1702 473 1776 513 per

450 529 547 568 inde
601 529 775 584 quidem
828 529 934 570 foret
985 529 1231 583 allegandus
1288 529 1494 584 dyabolus
1537 529 1583 569 in
1625 538 1774 570 testem

450 600 674 652 sentencie,
708 613 807 640 cum
838 609 991 640 notum
1023 599 1074 640 sit
1107 601 1225 654 quod
1257 614 1305 640 ex
1347 600 1508 640 cautela
1540 609 1580 640 et
1611 600 1774 640 subtili-

450 679 532 709 tate
576 670 733 724 ingenii
779 668 962 723 plurima
1007 684 1103 710 vera
1147 670 1259 710 dicit,
1306 671 1358 710 Et
1389 670 1465 710 hec
1498 670 1609 710 racio
1648 681 1809 725 quaref,

450 740 615 793 quietor
666 741 708 779 in
760 739 1015 792 allegacione
1074 740 1276 794 scripture
1327 754 1411 794 que
1470 741 1637 780 mentiri
1689 755 1775 780 non

451 811 604 864 poterit
648 820 687 850 et
731 819 977 850 sanctorum
1020 811 1246 850 doctorum
1289 822 1474 865 quorum
1520 811 1774 851 sentenciam

449 882 549 921 volo
584 896 631 921 ex
664 881 827 935 integro
861 880 1078 921 sustinere.
1119 880 1239 920 Alios
1271 890 1415 921 autem
1447 882 1642 922 doctores
1675 881 1775 921 nolo

448 952 504 991 sic
550 952 726 1005 allegare
770 951 848 990 nisi
893 952 1108 1005 arguendo
1162 952 1214 991 ad
1265 951 1500 1003 hominem,
1554 952 1618 992 cui
1670 952 1775 992 foret

451 1022 542 1062 talis
577 1022 761 1062 doctoris
795 1021 1039 1062 testificacio
1070 1031 1386 1075 argumentum,
1411 1031 1450 1062 et
1472 1022 1528 1062 sic
1551 1022 1776 1075 allegarem
1796 1043 1835 1064 10

451 1101 597 1132 contra
641 1093 889 1132 mendacem
935 1101 1147 1132 oratorem
1200 1092 1368 1146 dyaboli
1420 1092 1561 1145 ipsum
1613 1102 1776 1146 patrem

451 1162 672 1214 mendacii,
705 1163 777 1202 sed
810 1176 895 1202 non
930 1172 976 1203 ut
1008 1162 1059 1202 sit
1089 1162 1191 1201 mihi
1225 1162 1339 1202 testis
1371 1163 1577 1217 ydoneus,

510 1233 554 1272 In
595 1233 675 1272 isto
708 1242 852 1273 autem
884 1233 1071 1272 secundo
1105 1242 1350 1273 commento
1383 1233 1539 1287 absque
1579 1233 1826 1287 tergiver—N

450 1303 617 1343 sacione
636 1311 750 1356 patet
764 1303 902 1356 primo
918 1303 1190 1343 mendacium
1208 1304 1446 1356 allegantis3
1463 1312 1576 1356 patet
1591 1304 1776 1343 secundo

451 1374 567 1428 quod
604 1387 690 1413 non
720 1373 896 1413 solvitur
924 1382 1219 1428 argumentum
1255 1374 1371 1427 quod
1395 1373 1469 1413 feci
1494 1374 1776 1427 supponendo
1797 1385 1834 1416 15

451 1443 783 1497 descripcionem
800 1443 949 1496 clerici,
965 1458 1040 1497 per
1055 1444 1136 1483 hoc
1155 1444 1271 1498 quod
1295 1443 1554 1484 mendaciter
1576 1444 1778 1496 allegatur

450 1518 566 1570 quod
590 1516 733 1555 solum
756 1515 798 1553 in
832 1514 1072 1554 sacerdocio
1097 1523 1276 1554 caracter
1299 1514 1458 1554 ordinis
1488 1514 1776 1568 imprimatur3

451 1596 489 1626 et
533 1586 662 1625 tercio
706 1586 823 1639 quod
867 1585 945 1624 ista
989 1584 1201 1624 sentencia
1246 1584 1530 1624 conviccionis
1570 1585 1775 1624 mendacii

452 1657 559 1696 foret
592 1656 782 1696 medium
815 1654 977 1694 doctori
1010 1654 1076 1694 isti
1109 1654 1211 1694 mihi
1237 1663 1276 1694 et
1298 1654 1387 1694 aliis
1410 1656 1583 1694 cavendi
1609 1656 1776 1696 caucius

452 1729 502 1767 de
537 1726 750 1766 mendosis
784 1725 1112 1780 allegacionibus
1146 1725 1186 1764 in
1222 1724 1424 1765 futurum.
1793 1746 1835 1767 20

509 1798 630 1837 Scola
677 1796 849 1850 quidem
889 1795 1096 1834 mendacii
1136 1804 1196 1834 est
1234 1808 1308 1848 per
1352 1809 1394 1834 se
1426 1810 1449 1834 a
1482 1796 1571 1834 Deo
1616 1805 1655 1835 et
1687 1804 1775 1835 tota

451 1867 622 1907 ecclesia
645 1866 889 1906 detestanda
913 1865 1076 1904 dicente
1099 1865 1325 1904 venerabili
1351 1865 1585 1905 Anshelmo
1616 1866 1773 1919 primo:

451 1939 537 1978 Cur
570 1939 681 1977 Deus
713 1938 847 1976 homo
881 1951 970 1989 cap.
1005 1936 1121 1977 X110:
1168 1937 1281 1986 Non,
1314 1936 1463 1989 inquit,
1501 1936 1698 1989 sequitur
1740 1937 1777 1976 si

450 2011 570 2048 Deus
606 2009 697 2048 vult
720 2008 904 2055 mentiri,
941 2007 1100 2046 iustum
1125 2013 1187 2047 est
1218 2006 1391 2046 mentiri
1421 2004 1590 2061 (supple
1623 2006 1655 2045 si
1689 2020 1775 2045 non

451 2094 497 2119 ex
532 2076 754 2133 possibili),
778 2078 852 2117 sed
865 2078 1019 2130 pocius
1052 2077 1248 2130 sequitur
1279 2076 1499 2116 dominum
1533 2075 1656 2116 illum
1691 2086 1833 2118 7101125

452 2163 555 2190 esse.
595 2149 706 2187 Nam
742 2160 1014 2201 nequaquam
1042 2154 1182 2201 potest
1215 2148 1322 2188 velle
1357 2148 1530 2187 mentiri
1563 2148 1776 2196 voluntas,

452 2220 533 2259 nisi
564 2220 605 2258 in
630 2232 715 2272 qua
739 2225 944 2271 corrupta
969 2225 1031 2258 est
1052 2219 1226 2268 veritas,
1248 2231 1409 2271 ymmo
1432 2231 1512 2271 que
1536 2217 1775 2258 deserendo

452 2291 673 2330 veritatem
719 2296 928 2341 corrupta
973 2296 1047 2328 est.
1098 2289 1213 2338 Quid
1258 2302 1355 2342 ergo
1402 2288 1590 2341 sequitur
1621 2301 1668 2326 ex
1701 2287 1778 2327 ista

453 2359 727 2412 responsione
774 2356 1007 2398 mendacii?
1053 2360 1210 2398 Revera
1243 2357 1513 2398 mendacium
1557 2356 1776 2396 mendacio

451 2430 730 2470 cumulatum.
1791 2437 1834 2469 30

511 2499 712 2539 Tercium
756 2508 1053 2539 commentum
1086 2508 1146 2539 est
1179 2498 1298 2539 ficcio
1321 2501 1345 2524 ᾖ
1368 2497 1599 2538 testimonii
1645 2497 1775 2537 sancti
1796 2507 1874 2553 1981’

453 2571 623 2610 Tbome
656 2570 772 2623 quod
805 2570 846 2609 in
881 2570 972 2609 solo
1007 2569 1154 2608 ordine
1199 2567 1427 2609 sacerdocii
1460 2568 1524 2608 vel
1557 2581 1636 2606 suo
1676 2567 1774 2607 sub-

504 2715 548 2734 22.
571 2709 597 2734 A
619 2707 648 2734 in
670 2714 784 2741 marg:
816 2706 1001 2740 Anselmus3
1036 2706 1064 2733 in
1096 2705 1189 2733 codd.
1217 2713 1284 2740 cap.
1308 2704 1345 2732 X.
1483 2711 1529 2737 24.
1550 2703 1593 2731 25.
1616 2702 1721 2731 Recte:
1743 2702 1766 2729 si

452 2763 488 2781 cx
509 2762 570 2780 non
594 2752 746 2789 possibili.
889 2752 932 2780 32.
960 2754 987 2779 A
1007 2753 1036 2779 in
1060 2760 1174 2787 marg:
1196 2751 1228 2780 S.
1250 2750 1402 2779 Thomas.

513 2871 565 2892 22.
594 2860 747 2891 Anselmi
776 2859 866 2902 Opp.
894 2867 979 2891 tom.
1006 2859 1029 2900 I,
1056 2869 1134 2902 pag.
1160 2857 1216 2890 80.
1363 2858 1415 2890 32.
1442 2857 1603 2889 Thomae
1636 2856 1692 2888 lib.
1720 2855 1775 2887 IV.

453 2921 546 2951 Sent.
566 2919 659 2962 Opp.
685 2925 768 2950 tom.
796 2919 839 2957 X,
866 2928 942 2960 pag.
962 2929 1040 2959 442.
