2045 3312
255 263 343 291 CAP.
360 250 486 309 xxm]
780 264 838 295 DE
864 261 1098 295 ECCLESIA.
1786 246 1862 286 555

103 383 134 418 G
160 385 242 424 204⁸
257 378 449 413 mutatur
480 373 523 412 in
562 370 839 424 temporalem
881 369 922 408 in
952 367 1202 408 remissione
1227 379 1338 419 pene
1372 372 1409 406 et
1441 365 1576 418 culpe.
1598 374 1667 413 The
1687 376 1865 436 cpmmqtg-

259 442 454 484 Secundo
478 455 596 496 pena
629 440 877 493 temporalis
910 451 1072 492 magna
1106 444 1145 477 et
1174 450 1311 490 supra
1344 437 1455 476 vires
1488 450 1578 476 nzu-
1599 415 1864 506 iioetixtoispfftisss'tc}

256 522 375 555 tatur
418 515 459 553 in
497 525 657 566 penam
708 510 867 550 viribus
917 514 1218 561 competentem
1264 508 1304 547 in
1344 507 1579 548 sacerdotis
1594 480 1869 551 Ῐιτίἷὲᾱὲῗῗέιειῐῑιῑὲἷι

262 585 544 625 absolucione.
593 582 737 622 Tercio
769 594 868 620 vero
901 585 1191 619 commutatur
1216 591 1331 631 pena
1365 577 1421 618 ad
1452 591 1579 631 quam

227 656 441 710 §pertinet
471 653 624 694 iudicio
657 652 830 692 ecclesie
870 651 910 690 in
947 650 1153 689 minorem
1188 648 1507 689 relaxacionenz
1539 648 1579 687 in

259 727 414 766 virtute
461 723 624 764 residui
668 722 918 762 meritorum
966 720 1153 761 ecclesie.
1214 720 1268 760 Et
1312 720 1456 759 omnia
1501 720 1580 759 ista

260 797 526 850 originantur
585 807 634 833 ex
693 793 845 832 merito
912 791 1121 845 passionis
1181 799 1221 830 et
1273 790 1581 831 satisfaccionis

261 866 435 917 Christi,
487 864 637 905 nullibi
683 862 991 917 preiudicando
1046 861 1225 902 iusticie.
1280 862 1333 900 Et
1377 861 1434 901 ita
1480 861 1581 901 dicit

262 938 378 991 quod
423 935 699 989 indulgencie
723 935 845 989 fiunt
889 933 940 974 de
974 933 1136 973 meritis
1174 932 1874 1006 suP37'37'03a05071i5{gdbue'gfflffissg}

208 1007 552 1048 :omenzbrorum
600 1005 790 1055 ecclesie,
839 1018 960 1058 quem
1007 1005 1257 1044 thesaurum
1296 1003 1487 1056 pertinet
1530 1002 1874 1044 adonlybybishops-

261 1079 372 1120 solos
411 1078 631 1131 episcopos
675 1076 826 1116 saltem
866 1075 1039 1128 publice
1088 1074 1354 1127 dispensare,
1392 1073 1490 1127 quia
1525 1073 1588 1112 illi

262 1156 363 1190 sunt
384 1148 536 1188 vicarii
558 1146 832 1187 succedentes
858 1146 899 1185 in
925 1146 1015 1185 loco
1042 1145 1197 1184 Christi
1213 1144 1382 1198 fratris
1403 1144 1585 1184 senioris

263 1221 434 1269 mortui,
468 1226 511 1258 ut
538 1218 742 1259 suscitent
763 1230 905 1257 semen
929 1229 1056 1256 suum
1089 1215 1342 1270 generando
1374 1214 1587 1268 sibifilios

262 1290 521 1344 spirituales.
570 1289 621 1328 Et
656 1296 837 1341 uterque
871 1287 1052 1326 istorum
1095 1286 1322 1325 doctorum
1357 1285 1584 1339 respondet

211 1362 314 1400 15ad
350 1361 544 1400 obiectus
577 1359 617 1398 in
655 1358 930 1397 contrarium.

324 1432 378 1471 Et
401 1430 515 1471 illam
539 1429 798 1469 sentenciam
823 1441 922 1481 sepe
939 1427 1153 1467 inculcant
1176 1426 1371 1466 doctores
1395 1426 1583 1465 decreto-

265 1516 358 1542 rum
376 1510 583 1554 ponentes
603 1499 717 1554 quod
743 1498 1010 1551 indulgencia
1038 1507 1099 1537 est
1123 1497 1305 1536 liberalis
1332 1506 1371 1536 et
1395 1496 1585 1549 graciosa

269 1571 450 1611 donacio
475 1571 525 1610 de
542 1570 743 1610 thesauro
764 1569 952 1620 ecclesie,
979 1569 1086 1608 facta
1110 1581 1185 1621 per
1201 1567 1407 1607 vicarium
1426 1566 1585 1608 Christi
1602 1560 1700 1588 0¹¹¹&
1715 1559 1877 1588 deesfflffi

1626 1595 1776 1623 maintain
1798 1594 1859 1621 this

266 1642 560 1695 peccatoribus
596 1653 671 1693 pro
705 1640 791 1679 suis
826 1639 944 1692 penis
979 1639 1031 1677 ad
1065 1651 1169 1692 quas
1204 1638 1255 1677 de
1288 1637 1453 1677 iusticia
1483 1637 1586 1676 obli·
1614 1630 1758 1693 ῑξρῇῑξέξὲ
1773 1630 1864 1692 ἕέιέἀ

209 1729 250 1750 20
266 1722 433 1765 gantur.
493 1711 739 1750 Thesaurus
780 1710 871 1758 iste,
918 1709 1132 1762 inquiunt,
1179 1715 1241 1748 est
1283 1707 1654 1748 habundanciaout
1681 1699 1877 1763 bvyicgzriirist's

267 1783 518 1823 meritorum
541 1794 621 1834 que
645 1780 768 1819 multi
779 1781 917 1819 sancti
941 1780 1055 1818 ultra
1080 1792 1327 1818 mensuram
1348 1778 1585 1817 debitorum

266 1858 556 1906 erogaverunt
578 1857 615 1890 et
635 1850 940 1889 tribulaciones
963 1862 1069 1903 quas
1091 1849 1245 1888 iniuste
1268 1848 1589 1896 sustinuerunt;

266 1935 449 1976 quorum
464 1922 713 1960 meritorum
739 1926 856 1959 tanta
881 1926 943 1959 est
965 1920 1089 1972 copia
1112 1919 1226 1972 quod
1240 1918 1405 1958 excedit
1420 1931 1585 1957 omnem

261 2007 420 2047 penam
445 1993 627 2032 debitam
648 1992 895 2040 viventibus,
930 1998 965 2031 et
991 1991 1200 2044 precipue
1225 1991 1372 2043 passio
1396 1997 1434 2029 et
1462 1990 1587 2029 meri-

213 2066 252 2099 25
269 2072 356 2104 tum
385 2064 555 2112 Christi,
589 2063 710 2103 cuius
733 2063 907 2101 minima
930 2068 1053 2116 gutta
1085 2061 1312 2115 sanguinis
1333 2061 1398 2100 vel
1419 2059 1588 2100 sudoris

266 2134 485 2188 sufficeret
527 2133 583 2173 ad
614 2133 907 2185 expiacionem
949 2131 1137 2171 omnium
1176 2136 1468 2184 peccatorum,
1517 2130 1590 2169 hec

269 2212 305 2244 et
342 2211 481 2244 cetera
516 2204 625 2243 hona
658 2208 962 2256 supererogat,
1003 2215 1085 2254 que
1116 2202 1260 2241 omnia
1287 2207 1515 2254 ponuntur
1547 2201 1587 2239 in

267 2275 423 2316 scrinio
454 2273 641 2327 pectoris
680 2273 838 2313 Christi
874 2278 1090 2325 tamquam
1131 2272 1361 2312 thesaurus
1399 2271 1586 2311 ecclesie.

272 2346 354 2385 Ista
386 2344 600 2384 sentencia
634 2351 750 2396 patet
784 2356 857 2396 per
890 2342 1174 2382 Willielmum
1210 2343 1250 2381 in
1287 2342 1346 2380 De
1381 2341 1588 2394 Reliquiis

214 2418 311 2456 Soet
355 2415 645 2455 Veneracione
694 2414 966 2465 Sanctorum,
1014 2413 1201 2466 capitulo
1242 2413 1315 2454 V0.
1374 2412 1428 2452 Et
1472 2421 1588 2464 patet

323 2585 353 2611 4.
375 2580 604 2609 commutatum
632 2575 662 2602 in
684 2575 793 2602 codd.:
814 2575 1042 2609 commutacio;
1073 2574 1218 2602 Fortasse
1244 2574 1427 2608 legendum:
1450 2580 1589 2600 commu-

272 2624 353 2652 tacio
374 2631 462 2658 pene.
606 2622 648 2650 16.
680 2621 701 2649 B
727 2622 757 2649 in
779 2629 895 2657 marg:
924 2621 1127 2656 Indulgencia
1153 2621 1227 2657 quid
1255 2621 1305 2648 sit.
1448 2627 1494 2646 20.
1516 2619 1538 2646 B
1559 2620 1588 2647 in

274 2678 389 2705 marg:
410 2668 593 2697 Thesaurus
614 2669 752 2697 ecclesie.
897 2676 940 2705 27.
964 2673 1185 2704 supererogata
1205 2669 1235 2695 in
1257 2667 1348 2695 codd.

332 2788 363 2821 8.
390 2789 477 2820 Dist.
493 2789 566 2829 XX,
581 2799 658 2832 pars
674 2790 712 2830 ΙΙ,
728 2796 860 2831 quaest.
879 2789 922 2821 ΙΙΙ
940 2788 1031 2831 (pag.
1050 2786 1141 2830 558).
1241 2798 1292 2831 29.
1309 2788 1361 2818 An
1379 2785 1591 2818 Wilhelmus

276 2847 581 2888 AutissidorensiS,
609 2848 664 2879 W.
692 2847 734 2879 de
754 2847 872 2879 Monte
898 2847 1078 2886 Laudano,
1109 2846 1279 2886 Durantis,
1308 2845 1350 2880 de
1376 2845 1423 2876 St.
1451 2846 1591 2884 Amore,

278 2906 418 2947 alterve,
445 2916 517 2937 non
542 2905 658 2938 video.
