2045 3312
191 243 279 272 CAP.
290 233 345 291 11·]
702 248 762 280 DE
789 248 1023 280 ECCLEsm.
1749 244 1800 294 45

37 361 72 394 P
98 360 176 403 134b
192 351 531 391 modernioribus
584 352 655 405 qui
715 352 1018 393 canonizantur
1070 353 1237 394 racione
1289 356 1512 407 parentele,

192 430 365 474 questus
387 421 451 461 vel
483 422 670 462 muneris
694 436 779 462 non
804 432 975 476 oportet
1007 437 1085 463 nos
1108 438 1321 477 apponere
1353 434 1514 465 tantam

190 490 340 544 fidem;
372 504 446 531 nec
480 505 742 546 quemquam
774 493 1071 534 canonizatum
1114 493 1289 534 intendo
1334 509 1513 535 asserere

189 560 254 600 vel
288 560 509 601 defendere
543 575 629 602 non
663 577 752 603 esse
784 572 948 616 partem
980 564 1153 604 ecclesie
1197 564 1510 618 triumphantis,

156 632 260 674 5sed
292 645 390 672 cum
422 633 605 686 quadam
628 632 852 673 formidine
876 634 1037 686 dubito,
1072 635 1104 675 si
1136 634 1217 675 hoc
1241 635 1378 687 credo,
1413 649 1511 675 cum

187 700 272 741 scio
313 703 428 755 quod
472 702 553 742 hoc
598 711 657 743 est
688 703 909 757 possibile3
955 713 994 744 et
1037 704 1118 745 hoc
1163 704 1363 745 existente
1410 719 1507 745 vero

188 772 311 812 credo
342 772 448 812 illud
472 772 672 826 implicite
696 774 813 827 quod
836 773 1000 827 ignoro,
1034 788 1110 814 nec
1134 775 1231 815 volo
1257 776 1508 815 contendere

186 842 237 881 ad
281 842 551 894 probandum
594 852 786 896 proterve
831 845 881 884 de
926 844 1117 897 quolibet
1159 844 1261 885 citra
1294 845 1511 886 Christum

186 912 302 965 quod
354 912 406 952 sit
458 913 616 965 beatus,
669 914 862 967 quamvis
914 916 965 955 de
1017 916 1162 956 multis
1215 916 1294 956 hoc
1343 917 1510 956 credam

132 1001 170 1024 10
188 981 345 1035 absque
379 981 614 1024 formidine.
668 984 754 1024 Nec
792 985 994 1024 miracula
1026 985 1109 1025 iam
1158 987 1370 1026 currencia
1412 988 1802 1044 dantheromiraqies

187 1051 386 1092 omnibus
419 1067 561 1092 veram
595 1053 736 1105 fidem,
771 1068 869 1094 cum
901 1064 1042 1108 potest
1082 1056 1290 1096 committi
1324 1065 1510 1109 potestas
1534 1041 1630 1068 pxove
1651 1038 1792 1069 sancmy.

186 1121 355 1162 diabolo
389 1122 430 1161 in
464 1137 618 1176 penam
649 1125 807 1177 peccati
837 1125 1123 1178 generacionis
1159 1127 1345 1166 adultere
1390 1127 1509 1181 signa

186 1193 397 1246 querentis
430 1203 469 1234 et
501 1193 631 1234 fidem
664 1196 939 1235 necessariam
962 1196 1271 1237 insensibilium
1294 1197 1508 1237 dimitten-

184 1263 250 1313 tis,
284 1273 330 1303 ut
363 1264 564 1317 portentis
598 1265 682 1304 suis
716 1266 1026 1306 antichristiane
1060 1267 1262 1307 inducant
1301 1268 1509 1321 plurimos

132 1333 225 1376 15in
260 1347 442 1373 errorem
476 1334 544 1389 (de
572 1349 758 1389 quorum
788 1335 951 1376 indiciis
975 1337 1136 1376 dictum
1165 1346 1224 1377 est
1245 1338 1353 1377 libro
1377 1347 1508 1389 sexto,

185 1412 302 1443 sexto
336 1403 555 1459 capitulo).

135 1483 170 1524 Q,
242 1474 357 1513 Solet
399 1483 542 1514 autem
583 1475 720 1515 vocari
773 1476 1023 1516 miraculum
1078 1490 1190 1517 nunc
1242 1478 1510 1518 materialiter

183 1544 469 1598 quodcunque
515 1559 623 1598 opus
663 1560 685 1584 a
717 1546 808 1586 Deo
856 1546 1105 1586 miraculose
1151 1547 1322 1599 factum,
1368 1558 1408 1588 et
1451 1549 1508 1588 sic

183 1613 460 1654 sollicitantur
493 1615 614 1655 multi
655 1617 707 1655 ad
740 1617 1036 1657 deducendum
1075 1617 1367 1658 conclusiones
1399 1619 1509 1659 male

124 1693 394 1736 2080113nteS,
428 1698 526 1725 cum
559 1686 742 1739 quelibet
775 1695 960 1727 creatura
982 1687 1148 1727 videtur
1179 1687 1235 1727 sic
1266 1702 1352 1727 esse
1385 1688 1508 1728 mira-

183 1754 328 1794 culum
373 1756 513 1808 quoad
548 1757 700 1798 Deum.
756 1757 837 1797 Sed
884 1757 1114 1797 formaliter
1165 1758 1339 1798 sumiter
1382 1758 1506 1798 mira-

183 1824 328 1864 culum
360 1839 437 1877 pro
475 1826 724 1878 operacione
758 1828 847 1867 Deo
880 1827 1049 1880 propria
1094 1827 1273 1867 mirabili
1308 1837 1506 1879 creature,

183 1902 222 1933 et
253 1894 309 1934 sic
342 1894 449 1934 beati
483 1909 569 1935 non
603 1896 760 1936 faciunt
782 1897 996 1949 miracula,
1020 1898 1114 1937 licet
1136 1897 1217 1937 sint
1247 1899 1505 1951 quandoque
1537 1908 1641 1957 Sajijts
1665 1910 1703 1958 <iq
1726 1914 1779 1937 not

183 1964 361 2017 occasio,
407 1974 452 2005 ut
484 1966 598 2006 Deus
639 1968 690 2006 ad
734 1967 982 2007 instanciam
1026 1981 1201 2021 precum
1234 1981 1383 2007 eorum
1430 1945 1797 2019 seu?i{{’›¹u¹ss„211{¹1¹1¹333‘1⁵1¹3553

127 2044 164 2076 25
182 2034 319 2074 meriti
358 2034 479 2075 faciat
516 2036 782 2079 miraculum.
828 2038 879 2077 Et
917 2047 1016 2078 tunc
1049 2038 1247 2078 dicuntur
1280 2038 1337 2077 hii
1372 2038 1502 2078 facere
1519 2015 1553 2041 be
1575 2015 1794 2077 fffetgggfion

180 2105 260 2144 tale
306 2105 559 2146 miraculum
603 2108 917 2148 subauctentice
961 2108 1026 2148 vel
1058 2108 1355 2148 ministratorie
1400 2109 1506 2149 sicut

180 2176 329 2215 solent.
376 2176 428 2216 Et
471 2177 540 2216 illa
584 2177 785 2218 discrecio
825 2178 1014 2219 miraculi
1067 2188 1127 2219 est
1160 2178 1216 2219 eis
1262 2179 1506 2220 abscondita

180 2244 259 2284 nisi
307 2245 459 2298 quibus
493 2247 607 2288 Deus
652 2249 832 2289 revelare
870 2249 1062 2289 voluerit.
1108 2250 1161 2289 Et
1210 2249 1374 2289 utinam
1419 2263 1504 2289 non

179 2315 559 2368 multiplicarentur
609 2327 673 2358 tot
725 2319 961 2359 ceremonie
1014 2328 1053 2359 et
1105 2319 1222 2373 signa
1265 2319 1307 2359 in
1362 2328 1504 2359 nostra

123 2391 165 2424 30
180 2390 365 2442 ecclesia,
399 2404 497 2430 cum
529 2388 635 2430 facta
667 2398 912 2430 sanctorum
945 2399 983 2430 et
1015 2404 1164 2430 omnes
1196 2390 1298 2430 ritus
1326 2390 1393 2429 alii
1416 2403 1503 2429 non

179 2470 276 2501 sunt
319 2460 562 2512 laudabiles,
607 2460 685 2499 nisi
724 2461 775 2500 de
822 2469 982 2514 quanto
1023 2460 1185 2500 elevant
1222 2460 1415 2501 animum
1452 2461 1503 2500 ad

236 2629 256 2648 1.
280 2621 301 2648 B
324 2621 353 2648 in
382 2628 485 2655 marg:
515 2620 686 2656 Quomodo
714 2620 878 2648 sciendum
906 2626 952 2648 est
980 2621 1017 2649 de
1049 2621 1291 2649 canonisacione
1320 2624 1501 2648 sanctorum

179 2668 412 2695 modernorum.
485 2667 510 2695 5.
524 2667 561 2693 3:
584 2667 752 2695 formidine
767 2667 881 2695 subito.
963 2676 996 2695 11.
1013 2667 1051 2694 B:
1074 2676 1166 2695 unam
1184 2668 1286 2695 iidem.
1361 2674 1398 2694 ιε’.
1421 2668 1449 2693 Α
1462 2667 1500 2693 B:

178 2715 339 2748 generalis.
360 2715 416 2749 Al:
439 2714 586 2749 generaifl.
708 2722 750 2748 ¹4·
772 2713 876 2741 Codd:
899 2714 1122 2742 antichristine.
1266 2715 1308 2742 16.
1333 2714 1372 2741 B:
1393 2714 1501 2749 quinto

178 2761 323 2795 capitulo.
452 2768 491 2796 17.
513 2759 542 2787 A
562 2760 591 2787 in
613 2767 718 2794 marg:
741 2759 785 2787 De
806 2760 975 2789 miraculis,
998 2760 1183 2788 Miraculum
1205 2761 1278 2796 quid
1299 2759 1364 2787 est?
1387 2759 1447 2787 ΑΒ
1470 2760 1499 2786 in

178 2815 280 2842 marg:
310 2806 506 2835 Miraculum.
674 2815 711 2835 21.
734 2807 755 2834 Β
776 2808 805 2834 in
827 2815 931 2842 marg:
959 2807 1141 2835 Miraculum
1170 2808 1336 2842 dupliciter
1355 2807 1497 2834 sumitur.

178 2853 219 2880 25.
241 2853 262 2880 Β
283 2854 313 2881 in
335 2862 436 2888 marg:
466 2854 647 2882 Miraculum
669 2855 699 2882 iit
720 2862 735 2881 a
756 2853 870 2881 sanctis
892 2854 1116 2882 subautentice.
1234 2855 1272 2882 31.
1295 2854 1316 2881 B
1338 2853 1366 2880 in
1390 2861 1492 2887 marg:

179 2899 221 2927 De
241 2905 356 2935 quanto
378 2905 449 2928 sunt
468 2901 544 2929 ritus
564 2901 747 2928 laudabiles,
