2045 3312
293 259 381 288 CAP.
406 248 504 307 xvi]
797 260 854 291 DE
882 258 1119 291 ECCLESIA.
1826 247 1903 287 365

139 377 274 422 E179¹¹
294 383 389 409 rum
433 367 646 408 nobilium
689 366 958 405 subditorum
1003 377 1189 416 quorum
1234 363 1424 403 custodia
1470 372 1530 402 est
1574 363 1616 401 in

295 453 447 479 manus
480 437 754 477 dominorum
778 434 1023 487 capitalium
1055 433 1269 484 devoluta,
1302 434 1374 473 sed
1397 432 1503 472 sicut
1531 446 1617 472 non
1659 444 1709 476 yet
1729 441 1803 467 such
1827 447 1890 468 acts

296 510 445 549 vivunt
489 508 596 547 hanc
640 507 770 546 vitam
812 505 899 544 sine
944 514 1129 557 peccam,
1187 503 1244 543 sic
1289 517 1376 543 non
1427 477 1865 550 exercentdamnmaibiiebein
1893 520 1909 539 a

299 588 417 619 actus
450 579 552 618 tales
587 577 727 616 civiles
761 576 848 616 sine
880 575 1046 626 veniali,
1081 574 1184 613 illud
1207 583 1349 613 tamen
1373 574 1490 626 quod
1513 573 1619 613 foret
1716 551 1825 580 proest.

261 652 337 691 §in
389 650 565 690 domino
612 646 785 687 seculari
824 645 988 685 licitum
1032 653 1072 684 et
1115 643 1378 684 meritorium
1425 643 1531 683 foret
1575 643 1617 682 in

295 723 509 762 sacerdote
543 718 695 760 Christi
729 715 1009 769 dampnabile.

352 793 475 833 Unde
509 790 648 830 minus
677 797 894 828 remotum
928 796 988 826 est
1012 800 1035 825 a
1057 785 1299 825 sacerdocio
1325 784 1478 824 Christi
1512 783 1611 822 reci·
1639 791 1718 819 Civn
1740 792 1903 821 dominion

294 877 389 916 pere
423 877 445 901 a
471 860 655 901 dominis
677 857 982 911 temporalibus
1005 857 1259 896 alternatum
1282 868 1409 894 usum
1432 867 1610 893 uxorum
1638 836 1901 891 1Ssilsiiierri‘tliicit‘hn

295 947 467 972 suarum
484 931 719 971 secundum
743 929 941 982 copulam
965 927 1174 967 carnalem
1194 926 1325 979 (quod
1350 924 1523 965 credidit
1540 924 1611 963 Ni·
1631 899 1913 961 pirgefsglijfflgtifflfin

242 1020 280 1040 ιο
298 1004 440 1043 colaus
464 1003 680 1056 dyaconus
704 1000 830 1039 fuisse
852 996 1049 1051 licitum),
1081 1010 1210 1050 quam
1234 996 1351 1049 quod
1373 994 1572 1047 recipiant
1595 1009 1618 1034 a

298 1072 471 1113 seculari
495 1071 671 1111 domino
689 1069 1030 1110 dominacionem
1054 1067 1237 1118 civilem3
1261 1075 1490 1117 utrumque
1506 1064 1619 1103 enim

298 1143 477 1183 istorum
510 1142 615 1181 foret
637 1140 848 1187 horribile,
883 1140 954 1178 sed
978 1137 1211 1177 secundum
1234 1135 1489 1185 horribilius,
1523 1148 1619 1174 cum

300 1213 473 1253 carnalis
505 1211 747 1265 procreacio
793 1220 873 1249 stat
918 1223 1015 1248 cnm
1060 1207 1313 1257 sacerdocio,
1359 1219 1444 1245 non
1478 1215 1621 1245 autem

299 1283 428 1324 civilis
463 1282 717 1322 dominacio.
771 1281 868 1320 Ideo
902 1278 1022 1318 inniti
1055 1278 1106 1317 ad
1140 1276 1411 1317 dotacionem
1456 1275 1622 1315 civilem

245 1354 393 1393 15cleri
429 1353 584 1393 Christi
618 1366 704 1391 non
739 1351 843 1391 foret
877 1349 939 1390 sui
972 1349 1037 1388 vel
1071 1348 1338 1387 sacerdotum
1373 1347 1459 1386 eius
1485 1347 1619 1385 hono-

299 1424 424 1474 racio,
459 1424 531 1462 sed
565 1423 806 1462 detestanda
830 1420 1038 1473 turpacio‚
1073 1419 1170 1473 quia
1194 1419 1243 1457 de
1267 1419 1376 1458 clero
1401 1417 1474 1470 qui
1507 1416 1620 1469 prius

300 1494 378 1533 fuit
410 1495 521 1533 nude
555 1494 605 1532 de
636 1502 746 1532 sorte
770 1491 947 1541 domini,
982 1489 1134 1529 faceret
1156 1497 1394 1542 apostatam
1427 1488 1477 1525 de
1511 1496 1620 1526 sorte

300 1564 444 1605 seculi.
478 1564 575 1603 Ideo
608 1563 769 1602 domini
804 1561 1057 1614 temporales
1090 1561 1192 1599 dant
1225 1560 1335 1598 clero
1377 1558 1502 1598 titulo
1536 1557 1618 1596 ele-

299 1634 463 1673 mosine
493 1633 698 1686 quidquid
733 1641 772 1672 et
805 1641 1185 1685 quantumcunque
1219 1628 1428 1668 voluerint
1462 1637 1500 1667 et
1533 1641 1619 1667 non

242 1721 283 1741 20
300 1707 526 1758 deturpant
559 1718 629 1743 eos
663 1702 959 1743 dominacione
992 1701 1115 1741 civili.

200 1779 232 1812 F
258 1780 283 1812 3
360 1775 513 1814 Tercio
550 1774 786 1813 notandum
820 1772 936 1826 quod
970 1772 1083 1810 Deus
1116 1770 1230 1809 dedit
1271 1770 1391 1809 beato
1423 1770 1546 1808 Petro
1582 1780 1620 1808 et
1637 1778 1916 1841 Gazdeffixtvlengiitaelr

1589 1839 1596 1845 .
1796 1835 1812 1847 η

298 1847 375 1886 toti
392 1845 532 1898 generi
550 1858 627 1885 suo
643 1844 878 1884 secundum
894 1842 1153 1894 spiritualem
1176 1840 1465 1880 imitacionem
1481 1840 1618 1878 domi-
1646 1848 1817 1918 ἒῗιωῑῑὴηίῑῃοὲὲ
1832 1857 1908 1910 ‹fftr

300 1916 525 1955 nacionem
576 1913 859 1967 evangelicam
898 1922 936 1952 et
984 1911 1249 1951 usufructum
1303 1923 1428 1962 super
1479 1909 1622 1949 omnia
1647 1927 1687 1946 no
1708 1919 1903 1958 civiidomi-

301 1987 411 2025 bona
426 1986 589 2035 mundi,
602 1998 689 2024 non
706 1993 846 2023 autem
864 1982 1207 2022 dominacionem
1221 1981 1286 2020 vel
1302 1994 1426 2020 usum
1443 1980 1621 2029 civilem,
1738 1962 1823 1982 mon.

244 2059 282 2090 25
302 2057 399 2109 quia
421 2056 490 2095 illa
512 2055 679 2108 proprie
702 2062 1023 2094 consummatur
1044 2052 1093 2090 ab
1117 2051 1304 2101 homine,
1324 2050 1459 2103 prima
1481 2058 1624 2089 autem

302 2126 480 2166 donacio
514 2140 600 2165 non
635 2132 957 2165 consummatur
979 2123 1028 2162 ab
1061 2122 1203 2175 aliquo
1227 2130 1363 2174 preter
1386 2120 1624 2170 dominum,

302 2210 397 2236 cum
432 2196 563 2235 solius
598 2195 671 2234 Dei
712 2194 763 2234 sit
794 2195 862 2233 illa
895 2192 1135 2246 generaci03
1160 2190 1353 2245 quamvis
1384 2190 1496 2229 enim
1520 2204 1624 2243 apo-

300 2266 434 2305 stolus
467 2276 506 2305 et
539 2266 606 2305 alii
640 2266 769 2305 sancti
810 2264 1089 2317 predicatores
1134 2270 1371 2316 genuerunt
1408 2260 1516 2300 filios
1549 2260 1624 2299 Dei

301 2350 349 2375 ex
382 2336 539 2376 semine
574 2336 685 2376 verbi
720 2336 797 2386 sui,
831 2345 972 2374 tamen
1006 2332 1290 2386 primogenito
1336 2332 1419 2371 iarn
1454 2340 1624 2370 mortuo

244 2406 519 2445 30tribuenda
569 2416 629 2445 est
672 2404 892 2459 generacio
938 2403 1056 2443 cuius
1102 2416 1244 2442 semen
1289 2402 1460 2442 suscitat
1503 2401 1626 2440 frater

302 2475 455 2527 iunior,
489 2477 539 2516 de
572 2486 733 2529 quanto
779 2474 1066 2527 participative
1110 2472 1262 2512 dicitur
1298 2473 1386 2525 ipse
1420 2471 1624 2512 Christus.

302 2546 382 2585 Sed
416 2546 521 2586 circa
566 2547 693 2587 talem
738 2545 975 2598 genituram
1020 2542 1191 2582 filialem
1230 2543 1295 2582 vel
1340 2541 1624 2582 sucessionem

355 2727 381 2754 7.
403 2718 432 2745 A
452 2717 481 2745 in
502 2725 617 2752 marg.:
646 2716 762 2744 Contra
790 2715 1043 2744 dominacionem
1065 2715 1138 2743 cleri
1159 2715 1283 2748 (Above
1304 2714 1372 2749 179d
1389 2713 1519 2741 without
1539 2712 1625 2740 mark

304 2764 339 2791 of
357 2764 535 2798 reference).
681 2772 714 2790 11.
736 2764 764 2790 A
784 2764 841 2797 A1:
864 2768 1029 2798 utrumque
1050 2763 1187 2798 inquam.
1335 2769 1376 2795 ¹4-
1397 2761 1425 2787 A
1447 2761 1503 2794 A,:
1525 2759 1625 2787 civilis

303 2811 428 2838 ditacio.
574 2818 611 2837 21.
633 2810 662 2837 A
683 2810 712 2837 in
736 2818 852 2844 marga
878 2808 960 2836 Nota
981 2810 1080 2836 clerus
1109 2809 1201 2836 habet
1221 2807 1472 2835 dominacionem
1492 2814 1625 2840 evange-

303 2857 394 2885 licam
430 2865 446 2884 a
482 2856 606 2884 Christo
636 2864 731 2891 super
757 2857 903 2884 omnibus
931 2856 1023 2882 rebus
1055 2855 1175 2882 mundi.
1319 2855 1360 2882 23.
1384 2853 1482 2881 Codd.
1517 2861 1625 2879 usum-

302 2906 446 2932 fructum.
589 2903 634 2931 28.
657 2903 696 2930 B:
726 2903 794 2930 aliis
821 2902 931 2930 sancti.
