2045 3312
109 262 190 300 368
834 264 1060 298 JOHANNIS
1088 263 1283 295 WYCLIF.
1502 246 1609 304 [cm.
1634 254 1717 283 xv1.

397 373 584 427 possibili
626 372 742 425 quod
775 371 930 410 electus
969 370 1019 408 ad
1058 369 1162 408 illud
1195 367 1384 408 officium
1417 374 1574 418 peccet,
1607 365 1718 404 inor·
1743 374 1874 407 180⁸H

398 443 537 483 dinate
585 441 810 494 aspirando
855 440 906 480 ad
952 440 1162 478 honorem
1206 447 1245 477 et
1290 437 1454 477 cultum
1496 434 1624 474 seculi
1685 443 1724 473 et

397 512 686 566 imprudenter
731 510 1015 564 dispensando
1070 509 1180 548 bona
1232 517 1489 561 pauperum3
1531 514 1569 545 et
1612 514 1724 558 patet

400 582 776 623 contradictorium
810 580 980 621 maioris
1012 588 1242 632 assumpte.

459 654 581 692 Pono
639 651 819 692 tercium
878 650 1121 703 exemplum
1183 648 1223 687 in
1277 661 1364 701 quo
1417 646 1511 700 quis
1562 654 1766 688 teneturss

400 723 586 776 accipere
620 721 887 762 eukaristiam
922 730 961 760 et
995 734 1087 760 eam
1119 719 1290 772 indigne
1319 716 1507 770 accipiat,
1542 725 1581 756 et
1613 725 1726 769 patet

402 794 520 846 quod
573 793 614 832 in
669 791 861 831 faciendo
909 791 1012 830 illud
1058 790 1175 843 quod
1220 789 1344 827 debet
1397 787 1529 826 facere
1582 795 1726 839 peccat

404 864 637 903 mortaliter
681 871 853 915 propter
898 860 1110 901 defectum
1151 858 1267 898 modi
1307 857 1500 909 faciendi,
1540 857 1647 897 sicut
1685 856 1726 895 in

405 933 547 973 maiori
602 942 718 986 parte
771 932 922 972 accidit
983 931 1026 970 in
1088 929 1336 983 accipiendo
1400 927 1727 968 ecclesiasticum

404 1003 671 1044 beneficium.
705 1003 785 1043 Sed
810 1003 935 1055 longe
958 1001 1072 1040 aliud
1095 1010 1155 1040 est
1178 1000 1325 1050 dicere,
1349 1000 1496 1039 Petrus
1518 998 1728 1051 obligatus
1750 1018 1787 1039 ιο

404 1075 481 1114 sub
516 1088 622 1127 pena
656 1073 844 1113 mortalis
878 1072 1058 1124 recipere
1082 1071 1230 1110 datum
1258 1083 1367 1109 onus
1397 1070 1438 1109 in
1468 1069 1548 1109 hoc
1571 1077 1728 1122 peccat,

406 1154 444 1184 et
488 1144 528 1183 in
576 1152 784 1197 quantum
818 1142 963 1195 recipit
994 1141 1099 1181 illud
1132 1154 1240 1180 onus
1279 1140 1322 1179 in
1360 1148 1527 1179 tantum
1566 1147 1729 1191 peccat3

407 1229 505 1254 nam
545 1214 658 1267 prior
698 1213 942 1266 proposicio
985 1212 1084 1251 dicit
1123 1212 1164 1250 in
1203 1210 1590 1264 reduplicacionem
1630 1222 1729 1248 con-

408 1284 705 1325 comitanciam
753 1293 792 1323 et
839 1283 1021 1322 secunda
1066 1281 1165 1321 dicit
1209 1280 1593 1334 reduplicacionem
1635 1292 1731 1318 cau-

145 1368 296 1397 Tliereis
318 1375 358 1394 no
411 1356 554 1394 salem.
601 1354 742 1394 Minor
787 1353 920 1393 eciam
964 1352 1202 1405 argumenti
1248 1360 1309 1391 est
1356 1350 1469 1401 falsa,
1516 1349 1615 1403 quia
1646 1358 1788 1390 non15

138 1405 286 1432 evidence
307 1403 371 1430 that
637 1425 642 1430 .
680 1425 686 1431 .
1234 1422 1241 1428 .
1610 1420 1616 1427 .
1707 1419 1713 1425 .

116 1440 264 1468 Silveszer
290 1437 395 1464 wouud
412 1435 472 1465 est
496 1425 731 1464 deducibile
755 1425 872 1478 quod
897 1424 1009 1463 Deus
1034 1422 1059 1450 ²³³
1080 1423 1145 1461 vel
1168 1431 1370 1475 scriptura
1394 1435 1506 1460 sacra
1535 1420 1735 1473 obligav1t
1755 1425 1833 1460 180b

129 1477 206 1502 have
226 1473 336 1501 sinned
358 1472 386 1499 in
651 1495 657 1501 ,
1308 1492 1314 1497 .
1442 1491 1448 1497 ,

183 1508 331 1543 refusing.
415 1497 584 1535 beatum
618 1495 864 1535 Sllvestrum
899 1494 975 1532 sub
1009 1506 1117 1546 pena
1150 1493 1338 1532 mortalis
1371 1504 1552 1544 recipere
1576 1491 1732 1530 elemo-

411 1566 522 1605 sinas
555 1566 791 1605 secundum
824 1564 939 1603 illam
974 1563 1155 1602 formam
1179 1576 1201 1601 a
1224 1576 1361 1601 cesare
1395 1562 1466 1600 sed
1496 1560 1733 1613 religiosius

413 1635 586 1686 fecisset,
646 1634 918 1674 informando
979 1647 1163 1672 cesarem
1215 1633 1332 1685 quod
1385 1640 1511 1684 caput
1563 1630 1733 1670 ecclesie

414 1706 606 1746 Christus
639 1705 680 1743 in
715 1705 833 1744 cuius
866 1704 1018 1743 virtute
1050 1712 1219 1742 sanatus
1254 1712 1314 1742 est
1351 1701 1514 1754 aufugit
1551 1701 1733 1740 honores
1751 1718 1792 1740 20

414 1777 656 1815 mundanos
690 1784 729 1814 et
762 1774 1063 1827 proprietatem
1097 1773 1273 1812 civilem.
1310 1772 1406 1811 Ideo
1448 1771 1735 1824 superioribus

415 1846 700 1886 sacerdotibus
744 1845 828 1885 suis
871 1858 957 1884 non
1003 1843 1210 1882 incumbit
1253 1853 1341 1882 tam
1378 1855 1501 1896 grave
1546 1840 1735 1880 officium

416 1916 678 1956 ministrandi
728 1916 998 1968 pauperibus,
1047 1915 1118 1953 sed
1164 1913 1430 1953 inferioribus
1464 1911 1665 1966 dyaconis
1699 1920 1738 1951 et

416 1987 543 2041 laycis
588 1986 742 2039 quibus
788 1984 994 2025 incumbit
1039 1984 1251 2024 abiectum
1297 1984 1369 2023 sed
1408 1983 1450 2021 in
1489 1983 1620 2035 gradu
1660 1995 1738 2021 suo

418 2056 681 2097 meritorium
715 2055 1008 2102 ministerium,
1044 2068 1118 2094 nec
1158 2054 1287 2093 alium
1327 2054 1557 2106 primatum
1596 2051 1740 2092 docuit
1757 2059 1796 2092 25

419 2127 609 2167 Christus
633 2126 849 2178 apostolos
882 2139 981 2164 suos
1013 2133 1209 2177 appetere
1232 2123 1309 2162 nisi
1335 2137 1382 2162 ex
1405 2122 1575 2162 veritate
1606 2122 1741 2175 prima

421 2207 667 2251 sequentem
709 2195 991 2235 maioritatem
1038 2195 1178 2248 quoad
1226 2194 1361 2233 Deum
1397 2193 1562 2232 racione
1602 2192 1741 2231 humi-

420 2268 534 2307 lioris
567 2266 784 2306 ministerii
822 2265 889 2320 (ut
922 2266 1096 2304 docetur
1132 2265 1242 2304 Luce
1275 2264 1444 2317 XX110).

480 2338 535 2389 Si,
561 2338 747 2390 inquam,
781 2351 877 2376 cum
910 2335 1063 2375 talibus
1096 2334 1463 2374 exhortacionibus
1496 2332 1744 2386 evangelicis

423 2408 607 2448 securius
641 2416 904 2460 procurasset
935 2406 1131 2446 Silvester
1155 2419 1229 2458 pro
1262 2404 1401 2444 futura
1434 2403 1618 2452 ecclesia,
1643 2412 1743 2442 tunc
1759 2411 1802 2444 30

423 2477 689 2517 verisimilius
722 2477 816 2530 plus
858 2476 1082 2529 profuisset
1114 2476 1281 2529 utrique
1313 2475 1432 2528 parti,
1465 2474 1571 2514 sicut
1599 2474 1745 2513 beatus

427 2548 670 2587 Leonardus
703 2547 798 2599 plus
833 2546 991 2599 profuit
1014 2546 1099 2598 regi
1123 2545 1294 2585 Francie
1323 2544 1571 2584 retrahendo
1606 2543 1747 2596 ipsum

426 2619 475 2658 ab
508 2618 733 2657 atl'eccione
767 2618 983 2657 mundana
1019 2630 1090 2669 per
1123 2616 1202 2656 hoc
1237 2615 1351 2669 quod
1384 2615 1521 2654 renuit
1559 2612 1748 2653 officium

483 2813 519 2841 13.
554 2815 596 2840 A:
629 2812 882 2848 reduplicacione
913 2812 975 2839 sive
1008 2810 1242 2846 reduplicative.
1387 2818 1424 2836 ει.
1448 2809 1486 2835 1³:
1518 2808 1696 2836 mundanos
1719 2807 1747 2834 in

431 2860 662 2896 proprietatem.
818 2867 863 2892 Ως).
886 2861 913 2886 Α
937 2859 966 2887 in
983 2866 1098 2893 marg:
1121 2857 1201 2885 Nota
1217 2856 1356 2884 defectus
1373 2856 1454 2883 beati
1469 2855 1606 2883 Silvestri
1627 2854 1749 2888 (Above

432 2908 500 2935 180¹2
518 2906 646 2934 without
668 2907 752 2934 mark
775 2906 810 2933 of
828 2906 1007 2939 reference).
