2045 3312
288 275 378 304 CAP.
400 265 498 324 x1v.]
786 279 845 310 DE
872 278 1108 311 ECCLESIA.
1816 270 1895 322 307

135 395 166 428 F
192 398 270 439 172a
285 398 366 438 que
399 384 619 438 possident
649 394 689 424 et
720 384 915 423 tollentes
950 397 1117 422 crucem
1151 393 1380 437 sequantur
1412 398 1511 424 eum
1541 383 1605 438 (ut

285 465 398 509 patet
419 455 592 495 Matthei
608 456 681 506 XO,
713 455 827 493 Luce
848 455 965 494 leo
981 463 1020 493 et
1044 467 1140 507 sepe
1168 454 1264 493 alibi
1287 454 1331 493 in
1354 454 1602 509 evangelio).

343 525 456 566 Cum
494 539 592 579 ergo
632 524 674 564 in
714 523 824 564 facto
858 524 993 563 movit
1025 524 1243 577 apostolos
1278 538 1377 565 suos
1409 525 1460 565 ad
1494 525 1604 565 facto
1636 533 1742 562 Christ
1761 535 1812 563 did
1834 541 1888 564 not

286 605 325 636 et
357 595 682 636 conversacione
714 595 1081 647 interpretandum
1114 595 1190 634 hec
1223 596 1421 635 mandata
1454 571 1897 637 Secum-cogstidgggissff-

251 667 389 707 5dum
420 666 550 706 vitam
583 664 956 718 exproprietariam
989 674 1029 705 et
1061 665 1270 718 penalem,
1304 679 1380 705 nec
1414 679 1606 719 unquam
1621 640 1898 714 apcissiiffttiiliive

284 736 422 776 innuit
454 736 510 775 eis
543 735 887 776 dominacionem
911 735 1090 787 civilem,
1110 735 1255 775 fuisset
1278 735 1402 775 nimis
1427 750 1607 790 magnus
1646 711 1868 783 wnhpoggyffro-

286 807 493 857 seductor,
529 805 562 845 si
595 819 693 846 cum
724 804 812 844 istis
846 805 1016 858 paribus
1050 805 1396 846 dominacionem
1442 806 1608 846 civilem

285 890 362 929 pro
419 885 527 916 statu
585 876 681 916 cleri
736 876 929 915 moderni
982 876 1227 916 intendebat
1271 877 1370 930 ipsis
1433 877 1606 917 adicere.

285 947 395 986 Nam
428 946 674 999 capitalibus
721 946 1030 999 exemplaribus
1077 946 1118 985 in
1152 946 1305 1000 quibus
1339 947 1454 987 dedit
1486 947 1607 987 nobis

231 1026 540 1069 10p0testatem
588 1027 627 1056 et
682 1017 870 1071 regulam
917 1017 1085 1056 vivendi
1129 1017 1306 1070 precipit
1354 1026 1393 1057 et
1440 1017 1610 1057 monuit

286 1088 566 1141 exemplando
601 1087 863 1140 oppositum,
908 1101 983 1127 nec
1017 1097 1077 1127 est
1110 1088 1304 1127 credibile
1344 1088 1460 1142 quod
1492 1087 1608 1126 dese-

287 1167 392 1197 reret
415 1159 574 1198 clerum
597 1172 736 1209 suum,
761 1167 900 1198 tacens
925 1159 1103 1198 omnino
1127 1159 1409 1198 necessarium
1432 1159 1484 1197 ad
1508 1172 1608 1197 con-

288 1228 572 1268 versacionem
618 1228 809 1282 ipsorum
854 1229 1090 1269 secundum
1124 1243 1249 1269 suum
1299 1229 1607 1282 beneplacitum

286 1299 580 1352 regulandam3
619 1308 719 1338 tunc
769 1299 883 1339 enim
925 1299 1071 1339 fuisset
1103 1299 1282 1339 omnino
1316 1299 1531 1353 negligens
1572 1308 1611 1338 et

230 1375 266 1407 15
287 1369 508 1419 subdolus,
542 1369 598 1408 sic
632 1369 748 1422 quod
781 1383 930 1409 omnes
965 1369 1151 1409 defectus
1185 1378 1352 1409 nostros
1386 1383 1609 1422 possemus

285 1439 326 1477 in
362 1452 483 1478 suam
515 1439 817 1492 negligenciam
854 1439 1164 1480 racionabiliter
1194 1449 1457 1493 retorquere,
1493 1439 1607 1493 quod

285 1522 382 1549 curn
427 1509 478 1549 sit
522 1508 637 1548 nefas
684 1510 832 1562 dicere,
879 1511 1097 1550 credamus
1129 1524 1177 1550 ex
1209 1509 1290 1549 fide
1323 1510 1526 1563 scripture
1572 1518 1610 1549 et

285 1578 533 1619 testimonio
590 1588 834 1619 sanctorum
886 1581 1115 1620 doctorum
1159 1581 1275 1634 quod
1320 1580 1362 1619 in
1405 1580 1609 1633 apostolis

286 1649 433 1689 docuit
476 1658 616 1689 totum
660 1663 793 1703 genus
839 1650 934 1690 cleri
980 1650 1194 1704 sequentis
1225 1651 1362 1689 vivere
1396 1664 1499 1703 pure
1539 1665 1607 1689 ex-

226 1735 269 1758 20
286 1719 559 1773 proprietarie
604 1721 654 1759 de
699 1721 939 1761 elemosinis
985 1721 1273 1774 corporalibus
1317 1721 1524 1761 laicorum
1570 1727 1901 1791 etaznv‘irtiidiaiiiiiiinusoe

287 1804 362 1842 pro
386 1799 540 1830 mutuo
565 1803 673 1830 nexu
697 1791 876 1831 caritatis
900 1792 1110 1843 habendo,
1131 1806 1217 1830 non
1241 1792 1382 1832 minus
1406 1791 1606 1845 obligavit
1637 1773 1663 1798 *⁵
1799 1781 1806 1790 ι
1882 1782 1888 1789 “

285 1860 444 1900 clerum
477 1874 604 1900 suum
637 1862 689 1900 ad
732 1861 1059 1901 retribucionem
1101 1862 1331 1901 elemosine
1364 1861 1606 1915 spiritualis,

285 1930 341 1969 sic
394 1930 510 1984 quod
563 1930 697 1970 clerici
745 1930 827 1971 sint
870 1932 1169 1971 necessariores
1214 1940 1253 1971 et
1297 1932 1508 1986 digniores
1560 1932 1602 1971 in

286 2000 456 2040 ecclesia
501 2014 631 2054 quam
676 2010 859 2054 econtra,
922 2011 961 2042 et
1004 2003 1099 2055 plus
1146 2002 1337 2055 indigent
1403 2003 1608 2042 seculares

228 2070 443 2110 25clericis
495 2084 626 2124 quam
658 2081 842 2122 econtra,
888 2072 994 2112 sicut
1026 2071 1254 2125 spiritualis
1286 2072 1517 2113 elemosina
1549 2082 1610 2112 est

285 2140 543 2194 prestancior
588 2142 809 2194 corporali,
849 2151 888 2182 et
921 2143 978 2181 sic
1012 2151 1180 2195 oportet
1213 2143 1329 2197 quod
1362 2142 1454 2182 laici
1487 2156 1606 2183 men-

286 2210 425 2250 dicent
476 2211 726 2251 elemosinas
771 2211 1006 2264 spirituales
1050 2226 1073 2252 a
1119 2212 1276 2252 clericis
1323 2214 1372 2251 ad
1427 2227 1608 2267 quarum

284 2281 611 2320 retribucionem
644 2281 780 2321 clerici
813 2282 996 2335 amplius
1030 2283 1285 2335 obligantur,
1312 2283 1418 2324 sicut.
1442 2293 1610 2336 oportet

285 2360 332 2391 ut
363 2351 497 2391 clerici
532 2352 773 2392 mendicent
806 2353 1057 2392 elemosinas
1089 2355 1328 2407 corporales
1358 2369 1380 2394 a
1415 2354 1528 2393 laicis
1559 2355 1610 2392 ad

288 2436 469 2475 quarum
512 2422 891 2462 refftribucionem
923 2423 1108 2463 multum
1140 2424 1261 2464 valde
1295 2425 1477 2464 sednon
1500 2425 1606 2463 adeo

287 2491 377 2530 laici
424 2502 523 2532 sunt
567 2492 735 2544 astricti,
776 2506 851 2533 nec
883 2493 1061 2547 graviter
1100 2493 1282 2534 feramus
1325 2494 1609 2534 maioritatem

288 2562 562 2616 obligacionis
595 2562 855 2612 huiusmodi,
902 2563 1001 2617 quia
1049 2564 1129 2604 hoc
1162 2565 1370 2604 redundat
1400 2563 1442 2603 in
1476 2564 1608 2603 excel-

288 2632 468 2672 lenciam
500 2632 760 2674 clericorum.

195 2435 254 2467 17...

341 2789 378 2809 21.
400 2781 428 2808 A
448 2782 504 2815 Ax:
526 2786 633 2810 motuo
655 2791 744 2810 nexu.
812 2788 856 2808 22.
872 2781 1021 2816 spiritalis
1042 2781 1073 2810 in
1094 2782 1185 2810 codd.
1207 2782 1252 2810 sic
1273 2787 1301 2811 et
1320 2783 1350 2810 in
1372 2782 1512 2818 pluribus
1534 2782 1611 2810 locis

290 2828 502 2863 sequentibus.
606 2836 651 2864 29.
674 2829 701 2855 A
724 2828 744 2854 B
767 2827 798 2855 in
819 2835 934 2862 marg:
965 2827 1108 2856 Christus
1129 2829 1198 2865 plus
1219 2830 1376 2864 obligatur
1396 2834 1535 2856 creature
1557 2837 1611 2856 sue

290 2882 383 2909 quam
399 2879 525 2902 econtra
539 2879 567 2902 et
581 2874 722 2902 similiter
739 2875 887 2902 sacerdos
909 2875 986 2903 laico
1003 2884 1096 2911 quam
1119 2881 1245 2904 econtra
1267 2877 1387 2910 (Above
1409 2876 1610 2911 172¹*will1out

293 2921 379 2948 mark
402 2921 437 2948 of
454 2922 634 2956 reference).
780 2920 824 2948 30.
846 2923 874 2949 A
894 2923 946 2956 Λ,;
969 2930 1030 2949 non
1053 2923 1148 2950 deest.

1431 2974 1493 3003 20*
