<?xml version="1.0" encoding="UTF-8"?>
<!DOCTYPE html PUBLIC "-//W3C//DTD XHTML 1.0 Transitional//EN"
    "http://www.w3.org/TR/xhtml1/DTD/xhtml1-transitional.dtd">
<html xmlns="http://www.w3.org/1999/xhtml" xml:lang="en" lang="en">
 <head>
  <title>
</title>
<meta http-equiv="Content-Type" content="text/html;charset=utf-8" />
  <meta name='ocr-system' content='tesseract 3.04.00' />
  <meta name='ocr-capabilities' content='ocr_page ocr_carea ocr_par ocr_line ocrx_word'/>
</head>
<body>
  <div class='ocr_page' id='page_1' title='image "./iohanniswycliftr04wycl_0591.png"; bbox 0 0 2045 3312; ppageno 0'>
   <div class='ocr_carea' id='block_1_1' title="bbox 260 245 1113 303">
    <p class='ocr_par' dir='ltr' id='par_1_1' title="bbox 260 245 1113 303">
     <span class='ocr_line' id='line_1_1' title="bbox 260 245 1113 303; baseline 0.005 -19"><span class='ocrx_word' id='word_1_1' title='bbox 260 245 490 303; x_wconf 81' lang='lat' dir='ltr'><strong>CAP.XXI11.]</strong></span> <span class='ocrx_word' id='word_1_2' title='bbox 792 257 851 290; x_wconf 87' lang='lat' dir='ltr'><strong>DE</strong></span> <span class='ocrx_word' id='word_1_3' title='bbox 878 256 1113 290; x_wconf 81' lang='lat' dir='ltr'><strong>ECCLESIA.</strong></span> 
     </span>
    </p>
   </div>
   <div class='ocr_carea' id='block_1_2' title="bbox 115 363 1605 2528">
    <p class='ocr_par' dir='ltr' id='par_1_2' title="bbox 115 363 1589 628">
     <span class='ocr_line' id='line_1_2' title="bbox 115 363 1588 420; baseline -0.001 -15"><span class='ocrx_word' id='word_1_4' title='bbox 115 376 347 420; x_wconf 68' lang='lat' dir='ltr'><strong>13203dpro</strong></span> <span class='ocrx_word' id='word_1_5' title='bbox 385 373 575 419; x_wconf 88' lang='lat' dir='ltr'><strong>peccato,</strong></span> <span class='ocrx_word' id='word_1_6' title='bbox 623 377 698 404; x_wconf 90' lang='lat' dir='ltr'><strong>nec</strong></span> <span class='ocrx_word' id='word_1_7' title='bbox 743 363 950 404; x_wconf 81' lang='lat' dir='ltr'>haberent</span> <span class='ocrx_word' id='word_1_8' title='bbox 991 363 1177 403; x_wconf 89' lang='lat' dir='ltr'><strong>colorem</strong></span> <span class='ocrx_word' id='word_1_9' title='bbox 1218 364 1491 417; x_wconf 82' lang='lat' dir='ltr'><strong>indulgencie</strong></span> <span class='ocrx_word' id='word_1_10' title='bbox 1537 365 1588 404; x_wconf 86' lang='lat' dir='ltr'><strong>de</strong></span> 
     </span>
     <span class='ocr_line' id='line_1_3' title="bbox 270 433 1587 488; baseline -0.002 -12"><span class='ocrx_word' id='word_1_11' title='bbox 270 436 415 476; x_wconf 87' lang='lat' dir='ltr'><strong>multis</strong></span> <span class='ocrx_word' id='word_1_12' title='bbox 445 435 632 476; x_wconf 87' lang='lat' dir='ltr'><strong>millibus</strong></span> <span class='ocrx_word' id='word_1_13' title='bbox 663 447 875 474; x_wconf 84' lang='lat' dir='ltr'><strong>annorum</strong></span> <span class='ocrx_word' id='word_1_14' title='bbox 900 435 1041 488; x_wconf 83' lang='lat' dir='ltr'><strong>quoad</strong></span> <span class='ocrx_word' id='word_1_15' title='bbox 1077 433 1236 473; x_wconf 79' lang='lat' dir='ltr'><strong>nudam</strong></span> <span class='ocrx_word' id='word_1_16' title='bbox 1270 434 1587 488; x_wconf 80' lang='lat' dir='ltr'><strong>mitigacionem</strong></span> 
     </span>
     <span class='ocr_line' id='line_1_4' title="bbox 272 504 1589 560; baseline -0.002 -13"><span class='ocrx_word' id='word_1_17' title='bbox 272 507 507 560; x_wconf 86' lang='lat' dir='ltr'><strong>penitencie</strong></span> <span class='ocrx_word' id='word_1_18' title='bbox 531 505 598 545; x_wconf 86' lang='lat' dir='ltr'><strong>hic</strong></span> <span class='ocrx_word' id='word_1_19' title='bbox 622 518 699 559; x_wconf 91' lang='lat' dir='ltr'><strong>pro</strong></span> <span class='ocrx_word' id='word_1_20' title='bbox 717 505 797 556; x_wconf 79' lang='lat' dir='ltr'><strong>via,</strong></span> <span class='ocrx_word' id='word_1_21' title='bbox 824 517 919 544; x_wconf 90' lang='lat' dir='ltr'><strong>cum</strong></span> <span class='ocrx_word' id='word_1_22' title='bbox 945 504 1044 545; x_wconf 87' lang='lat' dir='ltr'><strong>certi</strong></span> <span class='ocrx_word' id='word_1_23' title='bbox 1067 517 1215 544; x_wconf 87' lang='lat' dir='ltr'><strong>sumus</strong></span> <span class='ocrx_word' id='word_1_24' title='bbox 1233 505 1349 558; x_wconf 87' lang='lat' dir='ltr'><strong>quod</strong></span> <span class='ocrx_word' id='word_1_25' title='bbox 1373 519 1457 544; x_wconf 91' lang='lat' dir='ltr'><strong>non</strong></span> <span class='ocrx_word' id='word_1_26' title='bbox 1476 505 1589 545; x_wconf 89' lang='lat' dir='ltr'><strong>subi-</strong></span> 
     </span>
     <span class='ocr_line' id='line_1_5' title="bbox 270 575 1588 628; baseline -0.002 -11"><span class='ocrx_word' id='word_1_27' title='bbox 270 577 384 617; x_wconf 84' lang='lat' dir='ltr'><strong>bitur</strong></span> <span class='ocrx_word' id='word_1_28' title='bbox 417 577 550 617; x_wconf 88' lang='lat' dir='ltr'><strong>eciam</strong></span> <span class='ocrx_word' id='word_1_29' title='bbox 584 590 605 615; x_wconf 86' lang='lat' dir='ltr'><strong>a</strong></span> <span class='ocrx_word' id='word_1_30' title='bbox 640 575 870 615; x_wconf 82' lang='lat' dir='ltr'><strong>Matussale</strong></span> <span class='ocrx_word' id='word_1_31' title='bbox 910 582 1027 615; x_wconf 86' lang='lat' dir='ltr'><strong>tanta</strong></span> <span class='ocrx_word' id='word_1_32' title='bbox 1060 575 1300 628; x_wconf 86' lang='lat' dir='ltr'><strong>penitencia</strong></span> <span class='ocrx_word' id='word_1_33' title='bbox 1334 575 1401 615; x_wconf 90' lang='lat' dir='ltr'><strong>hic</strong></span> <span class='ocrx_word' id='word_1_34' title='bbox 1434 576 1474 615; x_wconf 93' lang='lat' dir='ltr'><strong>in</strong></span> <span class='ocrx_word' id='word_1_35' title='bbox 1508 576 1588 616; x_wconf 81' lang='lat' dir='ltr'><strong>via.</strong></span> 
     </span>
    </p>

    <p class='ocr_par' dir='ltr' id='par_1_3' title="bbox 219 645 1605 2528">
     <span class='ocr_line' id='line_1_6' title="bbox 236 645 1593 700; baseline -0.001 -13"><span class='ocrx_word' id='word_1_36' title='bbox 236 661 252 693; x_wconf 83' lang='lat'><strong>5</strong></span> <span class='ocrx_word' id='word_1_37' title='bbox 326 647 442 697; x_wconf 90' lang='lat' dir='ltr'><strong>Ideo,</strong></span> <span class='ocrx_word' id='word_1_38' title='bbox 475 646 613 700; x_wconf 87' lang='lat' dir='ltr'><strong>inquit</strong></span> <span class='ocrx_word' id='word_1_39' title='bbox 637 646 802 696; x_wconf 85' lang='lat' dir='ltr'><strong>doctor,</strong></span> <span class='ocrx_word' id='word_1_40' title='bbox 837 646 964 685; x_wconf 89' lang='lat' dir='ltr'><strong>aliter</strong></span> <span class='ocrx_word' id='word_1_41' title='bbox 986 652 1048 685; x_wconf 89' lang='lat' dir='ltr'><strong>est</strong></span> <span class='ocrx_word' id='word_1_42' title='bbox 1069 645 1291 685; x_wconf 89' lang='lat' dir='ltr'><strong>dicendum</strong></span> <span class='ocrx_word' id='word_1_43' title='bbox 1316 646 1429 700; x_wconf 78' lang='lat' dir='ltr'><strong>quod</strong></span> <span class='ocrx_word' id='word_1_44' title='bbox 1452 647 1593 687; x_wconf 84' lang='lat' dir='ltr'><strong>valent</strong></span> 
     </span>
     <span class='ocr_line' id='line_1_7' title="bbox 269 715 1590 771; baseline -0.001 -14"><span class='ocrx_word' id='word_1_45' title='bbox 269 717 541 771; x_wconf 77' lang='lat' dir='ltr'><strong>indulgencie</strong></span> <span class='ocrx_word' id='word_1_46' title='bbox 563 724 601 757; x_wconf 89' lang='lat' dir='ltr'><strong>et</strong></span> <span class='ocrx_word' id='word_1_47' title='bbox 623 723 830 770; x_wconf 81' lang='lat' dir='ltr'><strong>quantum</strong></span> <span class='ocrx_word' id='word_1_48' title='bbox 855 715 911 755; x_wconf 88' lang='lat' dir='ltr'><strong>ad</strong></span> <span class='ocrx_word' id='word_1_49' title='bbox 927 715 1086 770; x_wconf 90' lang='lat' dir='ltr'><strong>forum</strong></span> <span class='ocrx_word' id='word_1_50' title='bbox 1118 716 1290 756; x_wconf 78' lang='lat' dir='ltr'><strong>ecclesie</strong></span> <span class='ocrx_word' id='word_1_51' title='bbox 1313 723 1353 756; x_wconf 87' lang='lat' dir='ltr'><strong>et</strong></span> <span class='ocrx_word' id='word_1_52' title='bbox 1383 724 1590 770; x_wconf 79' lang='lat' dir='ltr'><strong>quantum</strong></span> 
     </span>
     <span class='ocr_line' id='line_1_8' title="bbox 270 785 1593 841; baseline -0.001 -13"><span class='ocrx_word' id='word_1_53' title='bbox 270 788 327 828; x_wconf 89' lang='lat' dir='ltr'><strong>ad</strong></span> <span class='ocrx_word' id='word_1_54' title='bbox 374 787 573 827; x_wconf 87' lang='lat' dir='ltr'><strong>iudicium</strong></span> <span class='ocrx_word' id='word_1_55' title='bbox 607 787 691 827; x_wconf 87' lang='lat' dir='ltr'><strong>Dei</strong></span> <span class='ocrx_word' id='word_1_56' title='bbox 729 794 769 826; x_wconf 86' lang='lat' dir='ltr'><strong>et</strong></span> <span class='ocrx_word' id='word_1_57' title='bbox 806 793 1013 840; x_wconf 81' lang='lat' dir='ltr'><strong>quantum</strong></span> <span class='ocrx_word' id='word_1_58' title='bbox 1059 785 1116 825; x_wconf 91' lang='lat' dir='ltr'><strong>ad</strong></span> <span class='ocrx_word' id='word_1_59' title='bbox 1153 787 1446 827; x_wconf 79' lang='lat' dir='ltr'><strong>remissionem</strong></span> <span class='ocrx_word' id='word_1_60' title='bbox 1480 801 1593 841; x_wconf 85' lang='lat' dir='ltr'><strong>pene</strong></span> 
     </span>
     <span class='ocr_line' id='line_1_9' title="bbox 270 857 1592 911; baseline -0.002 -13"><span class='ocrx_word' id='word_1_61' title='bbox 270 857 440 898; x_wconf 80' lang='lat' dir='ltr'><strong>residue</strong></span> <span class='ocrx_word' id='word_1_62' title='bbox 456 864 558 911; x_wconf 89' lang='lat' dir='ltr'><strong>post</strong></span> <span class='ocrx_word' id='word_1_63' title='bbox 571 857 886 905; x_wconf 80' lang='lat' dir='ltr'><strong>contricionem,</strong></span> <span class='ocrx_word' id='word_1_64' title='bbox 909 857 1233 911; x_wconf 72' lang='lat' dir='ltr'><strong>confessionem,</strong></span> <span class='ocrx_word' id='word_1_65' title='bbox 1260 857 1592 907; x_wconf 80' lang='lat' dir='ltr'><strong>absolucionem,</strong></span> 
     </span>
     <span class='ocr_line' id='line_1_10' title="bbox 269 927 1594 981; baseline -0.001 -12"><span class='ocrx_word' id='word_1_66' title='bbox 269 929 354 969; x_wconf 82' lang='lat' dir='ltr'><strong>sive</strong></span> <span class='ocrx_word' id='word_1_67' title='bbox 386 928 441 968; x_wconf 92' lang='lat' dir='ltr'><strong>sit</strong></span> <span class='ocrx_word' id='word_1_68' title='bbox 472 928 660 968; x_wconf 87' lang='lat' dir='ltr'><strong>iniuncta</strong></span> <span class='ocrx_word' id='word_1_69' title='bbox 692 928 780 968; x_wconf 83' lang='lat' dir='ltr'><strong>sive</strong></span> <span class='ocrx_word' id='word_1_70' title='bbox 810 941 906 969; x_wconf 91' lang='lat' dir='ltr'><strong>non.</strong></span> <span class='ocrx_word' id='word_1_71' title='bbox 938 927 1072 967; x_wconf 87' lang='lat' dir='ltr'><strong>Racio</strong></span> <span class='ocrx_word' id='word_1_72' title='bbox 1104 934 1247 968; x_wconf 87' lang='lat' dir='ltr'><strong>autem</strong></span> <span class='ocrx_word' id='word_1_73' title='bbox 1281 941 1417 981; x_wconf 81' lang='lat' dir='ltr'><strong>quare</strong></span> <span class='ocrx_word' id='word_1_74' title='bbox 1448 929 1594 968; x_wconf 77' lang='lat' dir='ltr'><strong>valere</strong></span> 
     </span>
     <span class='ocr_line' id='line_1_11' title="bbox 219 998 1593 1053; baseline -0.003 -11"><span class='ocrx_word' id='word_1_75' title='bbox 219 1005 451 1051; x_wconf 78' lang='lat' dir='ltr'><strong>iopossunt</strong></span> <span class='ocrx_word' id='word_1_76' title='bbox 494 1005 554 1038; x_wconf 90' lang='lat' dir='ltr'><strong>est</strong></span> <span class='ocrx_word' id='word_1_77' title='bbox 594 999 735 1038; x_wconf 90' lang='lat' dir='ltr'><strong>unitas</strong></span> <span class='ocrx_word' id='word_1_78' title='bbox 774 998 967 1052; x_wconf 86' lang='lat' dir='ltr'><strong>corporis</strong></span> <span class='ocrx_word' id='word_1_79' title='bbox 1007 998 1160 1037; x_wconf 90' lang='lat' dir='ltr'><strong>mistici</strong></span> <span class='ocrx_word' id='word_1_80' title='bbox 1197 999 1238 1038; x_wconf 90' lang='lat' dir='ltr'><strong>in</strong></span> <span class='ocrx_word' id='word_1_81' title='bbox 1280 1012 1364 1053; x_wconf 77' lang='lat' dir='ltr'><strong>qua</strong></span> <span class='ocrx_word' id='word_1_82' title='bbox 1398 999 1521 1038; x_wconf 89' lang='lat' dir='ltr'><strong>multi</strong></span> <span class='ocrx_word' id='word_1_83' title='bbox 1553 999 1593 1038; x_wconf 94' lang='lat' dir='ltr'><strong>in</strong></span> 
     </span>
     <span class='ocr_line' id='line_1_12' title="bbox 271 1068 1593 1122; baseline -0.001 -14"><span class='ocrx_word' id='word_1_84' title='bbox 271 1069 469 1121; x_wconf 79' lang='lat' dir='ltr'><strong>operibus</strong></span> <span class='ocrx_word' id='word_1_85' title='bbox 501 1069 740 1121; x_wconf 75' lang='lat' dir='ltr'><strong>penitencie</strong></span> <span class='ocrx_word' id='word_1_86' title='bbox 779 1075 1206 1122; x_wconf 72' lang='lat' dir='ltr'><strong>supererogaverunt</strong></span> <span class='ocrx_word' id='word_1_87' title='bbox 1237 1068 1293 1108; x_wconf 90' lang='lat' dir='ltr'><strong>ad</strong></span> <span class='ocrx_word' id='word_1_88' title='bbox 1345 1082 1593 1109; x_wconf 89' lang='lat' dir='ltr'><strong>mensuram</strong></span> 
     </span>
     <span class='ocr_line' id='line_1_13' title="bbox 271 1138 1594 1179; baseline 0 -1"><span class='ocrx_word' id='word_1_89' title='bbox 271 1138 506 1179; x_wconf 88' lang='lat' dir='ltr'><strong>debitorum</strong></span> <span class='ocrx_word' id='word_1_90' title='bbox 539 1152 718 1179; x_wconf 86' lang='lat' dir='ltr'><strong>suorum</strong></span> <span class='ocrx_word' id='word_1_91' title='bbox 752 1144 791 1178; x_wconf 89' lang='lat' dir='ltr'><strong>et</strong></span> <span class='ocrx_word' id='word_1_92' title='bbox 822 1139 957 1178; x_wconf 90' lang='lat' dir='ltr'><strong>eciam</strong></span> <span class='ocrx_word' id='word_1_93' title='bbox 998 1139 1156 1178; x_wconf 88' lang='lat' dir='ltr'><strong>multas</strong></span> <span class='ocrx_word' id='word_1_94' title='bbox 1196 1139 1498 1178; x_wconf 88' lang='lat' dir='ltr'><strong>tribulaciones</strong></span> <span class='ocrx_word' id='word_1_95' title='bbox 1531 1139 1594 1178; x_wconf 90' lang='lat' dir='ltr'><strong>in-</strong></span> 
     </span>
     <span class='ocr_line' id='line_1_14' title="bbox 273 1209 1595 1262; baseline -0.001 -13"><span class='ocrx_word' id='word_1_96' title='bbox 273 1211 381 1249; x_wconf 88' lang='lat' dir='ltr'><strong>iuste</strong></span> <span class='ocrx_word' id='word_1_97' title='bbox 411 1210 713 1249; x_wconf 87' lang='lat' dir='ltr'><strong>sustinuerunt</strong></span> <span class='ocrx_word' id='word_1_98' title='bbox 736 1209 975 1262; x_wconf 81' lang='lat' dir='ltr'><strong>pacienter,</strong></span> <span class='ocrx_word' id='word_1_99' title='bbox 1007 1222 1091 1262; x_wconf 89' lang='lat' dir='ltr'><strong>per</strong></span> <span class='ocrx_word' id='word_1_100' title='bbox 1121 1222 1229 1262; x_wconf 79' lang='lat' dir='ltr'><strong>quas</strong></span> <span class='ocrx_word' id='word_1_101' title='bbox 1264 1209 1492 1249; x_wconf 87' lang='lat' dir='ltr'><strong>multitudo</strong></span> <span class='ocrx_word' id='word_1_102' title='bbox 1519 1222 1595 1261; x_wconf 88' lang='lat' dir='ltr'><strong>pe-</strong></span> 
     </span>
     <span class='ocr_line' id='line_1_15' title="bbox 274 1279 1595 1332; baseline -0.001 -13"><span class='ocrx_word' id='word_1_103' title='bbox 274 1293 430 1319; x_wconf 89' lang='lat' dir='ltr'><strong>narum</strong></span> <span class='ocrx_word' id='word_1_104' title='bbox 466 1286 640 1331; x_wconf 86' lang='lat' dir='ltr'><strong>poterat</strong></span> <span class='ocrx_word' id='word_1_105' title='bbox 683 1280 864 1332; x_wconf 83' lang='lat' dir='ltr'><strong>expiari,</strong></span> <span class='ocrx_word' id='word_1_106' title='bbox 911 1280 949 1319; x_wconf 92' lang='lat' dir='ltr'><strong>si</strong></span> <span class='ocrx_word' id='word_1_107' title='bbox 995 1280 1054 1319; x_wconf 86' lang='lat' dir='ltr'><strong>eis</strong></span> <span class='ocrx_word' id='word_1_108' title='bbox 1099 1279 1335 1320; x_wconf 81' lang='lat' dir='ltr'><strong>deberetur.</strong></span> <span class='ocrx_word' id='word_1_109' title='bbox 1401 1279 1595 1328; x_wconf 83' lang='lat' dir='ltr'><strong>Quorum</strong></span> 
     </span>
     <span class='ocr_line' id='line_1_16' title="bbox 220 1350 1596 1403; baseline 0.001 -15"><span class='ocrx_word' id='word_1_110' title='bbox 220 1351 524 1393; x_wconf 76' lang='lat' dir='ltr'><strong>15rneritorunz</strong></span> <span class='ocrx_word' id='word_1_111' title='bbox 561 1357 679 1390; x_wconf 89' lang='lat' dir='ltr'><strong>tanta</strong></span> <span class='ocrx_word' id='word_1_112' title='bbox 720 1357 784 1390; x_wconf 90' lang='lat' dir='ltr'><strong>est</strong></span> <span class='ocrx_word' id='word_1_113' title='bbox 821 1350 942 1402; x_wconf 86' lang='lat' dir='ltr'><strong>copia</strong></span> <span class='ocrx_word' id='word_1_114' title='bbox 981 1350 1096 1403; x_wconf 75' lang='lat' dir='ltr'><strong>quod</strong></span> <span class='ocrx_word' id='word_1_115' title='bbox 1134 1362 1301 1390; x_wconf 87' lang='lat' dir='ltr'><strong>omnem</strong></span> <span class='ocrx_word' id='word_1_116' title='bbox 1331 1364 1489 1403; x_wconf 87' lang='lat' dir='ltr'><strong>penam</strong></span> <span class='ocrx_word' id='word_1_117' title='bbox 1524 1350 1596 1390; x_wconf 90' lang='lat' dir='ltr'><strong>de-</strong></span> 
     </span>
     <span class='ocr_line' id='line_1_17' title="bbox 273 1419 1598 1474; baseline -0.001 -14"><span class='ocrx_word' id='word_1_118' title='bbox 273 1421 401 1460; x_wconf 89' lang='lat' dir='ltr'><strong>bitam</strong></span> <span class='ocrx_word' id='word_1_119' title='bbox 447 1434 561 1460; x_wconf 88' lang='lat' dir='ltr'><strong>nunc</strong></span> <span class='ocrx_word' id='word_1_120' title='bbox 598 1420 832 1461; x_wconf 75' lang='lat' dir='ltr'><strong>viventibus</strong></span> <span class='ocrx_word' id='word_1_121' title='bbox 873 1419 1083 1460; x_wconf 88' lang='lat' dir='ltr'><strong>excedunt</strong></span> <span class='ocrx_word' id='word_1_122' title='bbox 1122 1427 1160 1460; x_wconf 90' lang='lat' dir='ltr'><strong>et</strong></span> <span class='ocrx_word' id='word_1_123' title='bbox 1184 1421 1391 1474; x_wconf 87' lang='lat' dir='ltr'><strong>precipue</strong></span> <span class='ocrx_word' id='word_1_124' title='bbox 1417 1427 1598 1473; x_wconf 85' lang='lat' dir='ltr'><strong>propter</strong></span> 
     </span>
     <span class='ocr_line' id='line_1_18' title="bbox 275 1490 1597 1544; baseline -0.001 -14"><span class='ocrx_word' id='word_1_125' title='bbox 275 1492 473 1531; x_wconf 84' lang='lat' dir='ltr'><strong>meritum</strong></span> <span class='ocrx_word' id='word_1_126' title='bbox 502 1491 680 1539; x_wconf 87' lang='lat' dir='ltr'><strong>Clzristi,·</strong></span> <span class='ocrx_word' id='word_1_127' title='bbox 711 1490 822 1544; x_wconf 80' lang='lat' dir='ltr'><strong>quod</strong></span> <span class='ocrx_word' id='word_1_128' title='bbox 853 1497 890 1530; x_wconf 84' lang='lat' dir='ltr'><strong>et</strong></span> <span class='ocrx_word' id='word_1_129' title='bbox 920 1490 957 1530; x_wconf 91' lang='lat' dir='ltr'><strong>si</strong></span> <span class='ocrx_word' id='word_1_130' title='bbox 990 1490 1031 1529; x_wconf 91' lang='lat' dir='ltr'><strong>in</strong></span> <span class='ocrx_word' id='word_1_131' title='bbox 1060 1492 1343 1530; x_wconf 80' lang='lat' dir='ltr'><strong>sacramentis</strong></span> <span class='ocrx_word' id='word_1_132' title='bbox 1377 1497 1597 1543; x_wconf 86' lang='lat' dir='ltr'><strong>operatur,</strong></span> 
     </span>
     <span class='ocr_line' id='line_1_19' title="bbox 276 1561 1597 1615; baseline 0.001 -16"><span class='ocrx_word' id='word_1_133' title='bbox 276 1574 358 1599; x_wconf 91' lang='lat' dir='ltr'><strong>non</strong></span> <span class='ocrx_word' id='word_1_134' title='bbox 397 1568 537 1601; x_wconf 86' lang='lat' dir='ltr'><strong>tamen</strong></span> <span class='ocrx_word' id='word_1_135' title='bbox 582 1562 773 1615; x_wconf 87' lang='lat' dir='ltr'><strong>efficacia</strong></span> <span class='ocrx_word' id='word_1_136' title='bbox 813 1561 903 1600; x_wconf 90' lang='lat' dir='ltr'><strong>eius</strong></span> <span class='ocrx_word' id='word_1_137' title='bbox 944 1561 985 1599; x_wconf 92' lang='lat' dir='ltr'><strong>in</strong></span> <span class='ocrx_word' id='word_1_138' title='bbox 1024 1562 1307 1601; x_wconf 86' lang='lat' dir='ltr'><strong>sacramentis</strong></span> <span class='ocrx_word' id='word_1_139' title='bbox 1347 1561 1597 1609; x_wconf 83' lang='lat' dir='ltr'><strong>includitur,</strong></span> 
     </span>
     <span class='ocr_line' id='line_1_20' title="bbox 274 1630 1597 1686; baseline 0 -16"><span class='ocrx_word' id='word_1_140' title='bbox 274 1631 352 1671; x_wconf 89' lang='lat' dir='ltr'><strong>sed</strong></span> <span class='ocrx_word' id='word_1_141' title='bbox 383 1644 463 1671; x_wconf 88' lang='lat' dir='ltr'><strong>sua</strong></span> <span class='ocrx_word' id='word_1_142' title='bbox 498 1632 704 1686; x_wconf 87' lang='lat' dir='ltr'><strong>infinitate</strong></span> <span class='ocrx_word' id='word_1_143' title='bbox 735 1637 1109 1672; x_wconf 91' lang='lat' dir='ltr'><strong>sacramentorum</strong></span> <span class='ocrx_word' id='word_1_144' title='bbox 1145 1631 1382 1685; x_wconf 75' lang='lat' dir='ltr'><strong>efficaciam</strong></span> <span class='ocrx_word' id='word_1_145' title='bbox 1422 1630 1597 1671; x_wconf 75' lang='lat' dir='ltr'><strong>excedit.</strong></span> 
     </span>
     <span class='ocr_line' id='line_1_21' title="bbox 220 1701 1601 1755; baseline -0.003 -11"><span class='ocrx_word' id='word_1_146' title='bbox 220 1723 260 1744; x_wconf 83' lang='lat'><strong>20</strong></span> <span class='ocrx_word' id='word_1_147' title='bbox 277 1701 379 1741; x_wconf 89' lang='lat' dir='ltr'><strong>Ideo</strong></span> <span class='ocrx_word' id='word_1_148' title='bbox 419 1715 515 1741; x_wconf 88' lang='lat' dir='ltr'><strong>cum</strong></span> <span class='ocrx_word' id='word_1_149' title='bbox 564 1715 674 1742; x_wconf 90' lang='lat' dir='ltr'><strong>unus</strong></span> <span class='ocrx_word' id='word_1_150' title='bbox 712 1714 797 1755; x_wconf 91' lang='lat' dir='ltr'><strong>pro</strong></span> <span class='ocrx_word' id='word_1_151' title='bbox 841 1702 926 1740; x_wconf 90' lang='lat' dir='ltr'><strong>alio</strong></span> <span class='ocrx_word' id='word_1_152' title='bbox 970 1701 1226 1755; x_wconf 86' lang='lat' dir='ltr'><strong>satisfacere</strong></span> <span class='ocrx_word' id='word_1_153' title='bbox 1264 1708 1416 1754; x_wconf 88' lang='lat' dir='ltr'><strong>potest,</strong></span> <span class='ocrx_word' id='word_1_154' title='bbox 1461 1701 1601 1740; x_wconf 85' lang='lat' dir='ltr'><strong>sancti</strong></span> 
     </span>
     <span class='ocr_line' id='line_1_22' title="bbox 277 1771 1599 1825; baseline -0.001 -14"><span class='ocrx_word' id='word_1_155' title='bbox 277 1779 417 1811; x_wconf 85' lang='lat' dir='ltr'><strong>autem</strong></span> <span class='ocrx_word' id='word_1_156' title='bbox 453 1772 493 1811; x_wconf 90' lang='lat' dir='ltr'><strong>in</strong></span> <span class='ocrx_word' id='word_1_157' title='bbox 527 1773 678 1825; x_wconf 81' lang='lat' dir='ltr'><strong>quibus</strong></span> <span class='ocrx_word' id='word_1_158' title='bbox 717 1771 1149 1824; x_wconf 87' lang='lat' dir='ltr'><strong>superlzabundancia</strong></span> <span class='ocrx_word' id='word_1_159' title='bbox 1189 1784 1367 1824; x_wconf 81' lang='lat' dir='ltr'><strong>operum</strong></span> <span class='ocrx_word' id='word_1_160' title='bbox 1400 1771 1599 1824; x_wconf 73' lang='lat' dir='ltr'><strong>satisfac-</strong></span> 
     </span>
     <span class='ocr_line' id='line_1_23' title="bbox 278 1841 1599 1894; baseline 0 -13"><span class='ocrx_word' id='word_1_161' title='bbox 278 1842 409 1882; x_wconf 90' lang='lat' dir='ltr'><strong>cionis</strong></span> <span class='ocrx_word' id='word_1_162' title='bbox 425 1843 650 1891; x_wconf 79' lang='lat' dir='ltr'><strong>invenitur,</strong></span> <span class='ocrx_word' id='word_1_163' title='bbox 672 1855 755 1882; x_wconf 86' lang='lat' dir='ltr'><strong>non</strong></span> <span class='ocrx_word' id='word_1_164' title='bbox 772 1841 1051 1881; x_wconf 88' lang='lat' dir='ltr'><strong>determinate</strong></span> <span class='ocrx_word' id='word_1_165' title='bbox 1061 1855 1145 1894; x_wconf 85' lang='lat' dir='ltr'><strong>pro</strong></span> <span class='ocrx_word' id='word_1_166' title='bbox 1167 1843 1244 1882; x_wconf 89' lang='lat' dir='ltr'><strong>isto</strong></span> <span class='ocrx_word' id='word_1_167' title='bbox 1260 1842 1431 1894; x_wconf 76' lang='lat' dir='ltr'><strong>quinon</strong></span> <span class='ocrx_word' id='word_1_168' title='bbox 1449 1842 1599 1881; x_wconf 87' lang='lat' dir='ltr'><strong>remis-</strong></span> 
     </span>
     <span class='ocr_line' id='line_1_24' title="bbox 279 1910 1600 1966; baseline -0.001 -15"><span class='ocrx_word' id='word_1_169' title='bbox 279 1913 438 1952; x_wconf 85' lang='lat' dir='ltr'><strong>sionem</strong></span> <span class='ocrx_word' id='word_1_170' title='bbox 472 1913 645 1966; x_wconf 81' lang='lat' dir='ltr'><strong>indiget,</strong></span> <span class='ocrx_word' id='word_1_171' title='bbox 683 1912 927 1952; x_wconf 87' lang='lat' dir='ltr'><strong>lzuiusmodi</strong></span> <span class='ocrx_word' id='word_1_172' title='bbox 955 1925 1088 1965; x_wconf 88' lang='lat' dir='ltr'><strong>opera</strong></span> <span class='ocrx_word' id='word_1_173' title='bbox 1103 1912 1315 1966; x_wconf 87' lang='lat' dir='ltr'><strong>fecerunt</strong></span> <span class='ocrx_word' id='word_1_174' title='bbox 1337 1910 1456 1965; x_wconf 78' lang='lat' dir='ltr'><strong>(quia</strong></span> <span class='ocrx_word' id='word_1_175' title='bbox 1490 1912 1600 1951; x_wconf 89' lang='lat' dir='ltr'><strong>alias</strong></span> 
     </span>
     <span class='ocr_line' id='line_1_25' title="bbox 280 1982 1601 2036; baseline 0 -15"><span class='ocrx_word' id='word_1_176' title='bbox 280 1983 441 2036; x_wconf 78' lang='lat' dir='ltr'><strong>absque</strong></span> <span class='ocrx_word' id='word_1_177' title='bbox 472 1983 588 2022; x_wconf 86' lang='lat' dir='ltr'><strong>omni</strong></span> <span class='ocrx_word' id='word_1_178' title='bbox 619 1982 892 2036; x_wconf 78' lang='lat' dir='ltr'><strong>indulgencia</strong></span> <span class='ocrx_word' id='word_1_179' title='bbox 926 1982 1219 2022; x_wconf 86' lang='lat' dir='ltr'><strong>remissionem</strong></span> <span class='ocrx_word' id='word_1_180' title='bbox 1251 1986 1601 2035; x_wconf 77' lang='lat' dir='ltr'><strong>consequeretur)</strong></span> 
     </span>
     <span class='ocr_line' id='line_1_26' title="bbox 225 2053 1601 2107; baseline -0.001 -15"><span class='ocrx_word' id='word_1_181' title='bbox 225 2065 262 2096; x_wconf 74' lang='lat'><strong>25</strong></span> <span class='ocrx_word' id='word_1_182' title='bbox 280 2053 347 2092; x_wconf 79' lang='lat' dir='ltr'><strong>vel</strong></span> <span class='ocrx_word' id='word_1_183' title='bbox 364 2053 646 2092; x_wconf 82' lang='lat' dir='ltr'><strong>communiter</strong></span> <span class='ocrx_word' id='word_1_184' title='bbox 659 2053 822 2107; x_wconf 87' lang='lat' dir='ltr'><strong>fierent</strong></span> <span class='ocrx_word' id='word_1_185' title='bbox 837 2066 922 2105; x_wconf 89' lang='lat' dir='ltr'><strong>pro</strong></span> <span class='ocrx_word' id='word_1_186' title='bbox 941 2059 1025 2092; x_wconf 89' lang='lat' dir='ltr'><strong>tota</strong></span> <span class='ocrx_word' id='word_1_187' title='bbox 1049 2053 1241 2103; x_wconf 85' lang='lat' dir='ltr'><strong>ecclesia,</strong></span> <span class='ocrx_word' id='word_1_188' title='bbox 1257 2053 1367 2092; x_wconf 86' lang='lat' dir='ltr'><strong>sicut</strong></span> <span class='ocrx_word' id='word_1_189' title='bbox 1381 2053 1601 2105; x_wconf 89' lang='lat' dir='ltr'><strong>apostolus</strong></span> 
     </span>
     <span class='ocr_line' id='line_1_27' title="bbox 281 2122 1601 2176; baseline -0.001 -14"><span class='ocrx_word' id='word_1_190' title='bbox 281 2122 378 2162; x_wconf 88' lang='lat' dir='ltr'><strong>dicit</strong></span> <span class='ocrx_word' id='word_1_191' title='bbox 420 2136 466 2162; x_wconf 90' lang='lat' dir='ltr'><strong>se</strong></span> <span class='ocrx_word' id='word_1_192' title='bbox 511 2123 687 2176; x_wconf 89' lang='lat' dir='ltr'><strong>implere</strong></span> <span class='ocrx_word' id='word_1_193' title='bbox 727 2136 776 2162; x_wconf 94' lang='lat' dir='ltr'><strong>ea</strong></span> <span class='ocrx_word' id='word_1_194' title='bbox 815 2136 894 2176; x_wconf 82' lang='lat' dir='ltr'><strong>que</strong></span> <span class='ocrx_word' id='word_1_195' title='bbox 935 2123 1088 2163; x_wconf 86' lang='lat' dir='ltr'><strong>desunt</strong></span> <span class='ocrx_word' id='word_1_196' title='bbox 1118 2123 1316 2175; x_wconf 86' lang='lat' dir='ltr'><strong>passioni</strong></span> <span class='ocrx_word' id='word_1_197' title='bbox 1365 2122 1522 2162; x_wconf 84' lang='lat' dir='ltr'><strong>Clzristi</strong></span> <span class='ocrx_word' id='word_1_198' title='bbox 1560 2122 1601 2160; x_wconf 86' lang='lat' dir='ltr'><strong>in</strong></span> 
     </span>
     <span class='ocr_line' id='line_1_28' title="bbox 281 2191 1600 2246; baseline -0.001 -14"><span class='ocrx_word' id='word_1_199' title='bbox 281 2206 460 2246; x_wconf 87' lang='lat' dir='ltr'><strong>corpore</strong></span> <span class='ocrx_word' id='word_1_200' title='bbox 482 2206 559 2232; x_wconf 91' lang='lat' dir='ltr'><strong>suo</strong></span> <span class='ocrx_word' id='word_1_201' title='bbox 585 2206 669 2246; x_wconf 91' lang='lat' dir='ltr'><strong>pro</strong></span> <span class='ocrx_word' id='word_1_202' title='bbox 702 2193 892 2244; x_wconf 88' lang='lat' dir='ltr'><strong>ecclesia,</strong></span> <span class='ocrx_word' id='word_1_203' title='bbox 928 2193 985 2232; x_wconf 88' lang='lat' dir='ltr'><strong>ad</strong></span> <span class='ocrx_word' id='word_1_204' title='bbox 1008 2206 1136 2246; x_wconf 81' lang='lat' dir='ltr'><strong>quam</strong></span> <span class='ocrx_word' id='word_1_205' title='bbox 1160 2193 1305 2233; x_wconf 83' lang='lat' dir='ltr'><strong>scribit</strong></span> <span class='ocrx_word' id='word_1_206' title='bbox 1333 2192 1521 2232; x_wconf 78' lang='lat' dir='ltr'><strong>Corinth.</strong></span> <span class='ocrx_word' id='word_1_207' title='bbox 1546 2191 1600 2231; x_wconf 84' lang='lat' dir='ltr'><strong>I0.</strong></span> 
     </span>
     <span class='ocr_line' id='line_1_29' title="bbox 282 2262 1602 2317; baseline -0.002 -15"><span class='ocrx_word' id='word_1_208' title='bbox 282 2263 337 2302; x_wconf 84' lang='lat' dir='ltr'><strong>Et</strong></span> <span class='ocrx_word' id='word_1_209' title='bbox 391 2265 453 2303; x_wconf 86' lang='lat' dir='ltr'><strong>sic</strong></span> <span class='ocrx_word' id='word_1_210' title='bbox 501 2264 703 2316; x_wconf 84' lang='lat' dir='ltr'><strong>predicta</strong></span> <span class='ocrx_word' id='word_1_211' title='bbox 761 2264 913 2303; x_wconf 90' lang='lat' dir='ltr'><strong>merita</strong></span> <span class='ocrx_word' id='word_1_212' title='bbox 974 2264 1169 2317; x_wconf 79' lang='lat' dir='ltr'><strong>quamvis</strong></span> <span class='ocrx_word' id='word_1_213' title='bbox 1220 2264 1302 2303; x_wconf 87' lang='lat' dir='ltr'><strong>sint</strong></span> <span class='ocrx_word' id='word_1_214' title='bbox 1358 2262 1602 2303; x_wconf 86' lang='lat' dir='ltr'><strong>communia</strong></span> 
     </span>
     <span class='ocr_line' id='line_1_30' title="bbox 283 2332 1603 2387; baseline -0.001 -15"><span class='ocrx_word' id='word_1_215' title='bbox 283 2335 416 2374; x_wconf 89' lang='lat' dir='ltr'><strong>tocius</strong></span> <span class='ocrx_word' id='word_1_216' title='bbox 448 2333 632 2382; x_wconf 86' lang='lat' dir='ltr'><strong>ecclesie,</strong></span> <span class='ocrx_word' id='word_1_217' title='bbox 679 2343 821 2374; x_wconf 84' lang='lat' dir='ltr'><strong>tamen</strong></span> <span class='ocrx_word' id='word_1_218' title='bbox 861 2347 969 2387; x_wconf 77' lang='lat' dir='ltr'><strong>papa</strong></span> <span class='ocrx_word' id='word_1_219' title='bbox 1015 2334 1233 2373; x_wconf 87' lang='lat' dir='ltr'><strong>distribuit</strong></span> <span class='ocrx_word' id='word_1_220' title='bbox 1279 2347 1325 2373; x_wconf 82' lang='lat' dir='ltr'><strong>ea</strong></span> <span class='ocrx_word' id='word_1_221' title='bbox 1366 2332 1603 2384; x_wconf 82' lang='lat' dir='ltr'><strong>dispariter,</strong></span> 
     </span>
     <span class='ocr_line' id='line_1_31' title="bbox 227 2402 1605 2456; baseline -0.004 -10"><span class='ocrx_word' id='word_1_222' title='bbox 227 2405 392 2446; x_wconf 77' lang='lat' dir='ltr'><strong>&#39;3osicut</strong></span> <span class='ocrx_word' id='word_1_223' title='bbox 437 2417 484 2442; x_wconf 82' lang='lat' dir='ltr'><strong>ea</strong></span> <span class='ocrx_word' id='word_1_224' title='bbox 526 2417 606 2456; x_wconf 79' lang='lat' dir='ltr'><strong>que</strong></span> <span class='ocrx_word' id='word_1_225' title='bbox 655 2411 756 2444; x_wconf 89' lang='lat' dir='ltr'><strong>sunt</strong></span> <span class='ocrx_word' id='word_1_226' title='bbox 805 2404 1048 2443; x_wconf 86' lang='lat' dir='ltr'><strong>communia</strong></span> <span class='ocrx_word' id='word_1_227' title='bbox 1092 2404 1278 2443; x_wconf 81' lang='lat' dir='ltr'><strong>alicuius</strong></span> <span class='ocrx_word' id='word_1_228' title='bbox 1324 2402 1605 2442; x_wconf 85' lang='lat' dir='ltr'><strong>multitudinis</strong></span> 
     </span>
     <span class='ocr_line' id='line_1_32' title="bbox 285 2473 1602 2528; baseline -0.002 -15"><span class='ocrx_word' id='word_1_229' title='bbox 285 2473 601 2514; x_wconf 86' lang='lat' dir='ltr'><strong>distribuuntur</strong></span> <span class='ocrx_word' id='word_1_230' title='bbox 631 2474 817 2528; x_wconf 80' lang='lat' dir='ltr'><strong>singulis</strong></span> <span class='ocrx_word' id='word_1_231' title='bbox 849 2473 899 2513; x_wconf 93' lang='lat' dir='ltr'><strong>de</strong></span> <span class='ocrx_word' id='word_1_232' title='bbox 922 2473 1190 2513; x_wconf 85' lang='lat' dir='ltr'><strong>multitudine</strong></span> <span class='ocrx_word' id='word_1_233' title='bbox 1220 2473 1456 2514; x_wconf 87' lang='lat' dir='ltr'><strong>secundum</strong></span> <span class='ocrx_word' id='word_1_234' title='bbox 1490 2473 1602 2511; x_wconf 89' lang='lat' dir='ltr'><strong>arbi-</strong></span> 
     </span>
    </p>
   </div>
   <div class='ocr_carea' id='block_1_3' title="bbox 285 2643 1605 2890">
    <p class='ocr_par' dir='ltr' id='par_1_4' title="bbox 285 2643 1603 2775">
     <span class='ocr_line' id='line_1_33' title="bbox 338 2643 1601 2682; baseline -0.002 -8"><span class='ocrx_word' id='word_1_235' title='bbox 338 2655 379 2674; x_wconf 89' lang='grc' dir='ltr'><strong>ιο.</strong></span> <span class='ocrx_word' id='word_1_236' title='bbox 403 2655 436 2674; x_wconf 88' lang='grc' dir='ltr'><strong>ιι.</strong></span> <span class='ocrx_word' id='word_1_237' title='bbox 459 2647 492 2674; x_wconf 90' lang='lat' dir='ltr'><strong>In</strong></span> <span class='ocrx_word' id='word_1_238' title='bbox 512 2651 594 2674; x_wconf 78' lang='lat' dir='ltr'><strong>textu</strong></span> <span class='ocrx_word' id='word_1_239' title='bbox 616 2655 640 2674; x_wconf 80' lang='lat' dir='ltr'><strong>s.</strong></span> <span class='ocrx_word' id='word_1_240' title='bbox 666 2647 824 2674; x_wconf 86' lang='lat' dir='ltr'><strong>Thomae:</strong></span> <span class='ocrx_word' id='word_1_241' title='bbox 855 2646 942 2673; x_wconf 83' lang='lat' dir='ltr'><strong>multi</strong></span> <span class='ocrx_word' id='word_1_242' title='bbox 970 2646 1129 2682; x_wconf 68' lang='lat' dir='ltr'><strong>operibuS.</strong></span> <span class='ocrx_word' id='word_1_243' title='bbox 1273 2643 1315 2673; x_wconf 84' lang='lat'><strong>23.</strong></span> <span class='ocrx_word' id='word_1_244' title='bbox 1341 2645 1435 2673; x_wconf 85' lang='lat' dir='ltr'><strong>huius</strong></span> <span class='ocrx_word' id='word_1_245' title='bbox 1456 2644 1486 2672; x_wconf 86' lang='lat' dir='ltr'><strong>in</strong></span> <span class='ocrx_word' id='word_1_246' title='bbox 1509 2644 1601 2672; x_wconf 83' lang='lat' dir='ltr'><strong>codd.</strong></span> 
     </span>
     <span class='ocr_line' id='line_1_34' title="bbox 285 2692 1603 2729; baseline -0.003 -8"><span class='ocrx_word' id='word_1_247' title='bbox 285 2695 329 2721; x_wconf 80' lang='lat' dir='ltr'><strong>sic</strong></span> <span class='ocrx_word' id='word_1_248' title='bbox 349 2698 377 2721; x_wconf 85' lang='lat' dir='ltr'><strong>et</strong></span> <span class='ocrx_word' id='word_1_249' title='bbox 398 2694 428 2720; x_wconf 88' lang='lat' dir='ltr'><strong>in</strong></span> <span class='ocrx_word' id='word_1_250' title='bbox 444 2693 585 2728; x_wconf 84' lang='lat' dir='ltr'><strong>pluribus</strong></span> <span class='ocrx_word' id='word_1_251' title='bbox 605 2692 683 2721; x_wconf 81' lang='lat' dir='ltr'><strong>locis</strong></span> <span class='ocrx_word' id='word_1_252' title='bbox 703 2700 790 2729; x_wconf 83' lang='lat' dir='ltr'><strong>seqq.</strong></span> <span class='ocrx_word' id='word_1_253' title='bbox 913 2692 953 2720; x_wconf 80' lang='lat'><strong>25.</strong></span> <span class='ocrx_word' id='word_1_254' title='bbox 975 2694 1020 2720; x_wconf 85' lang='lat' dir='ltr'><strong>A:</strong></span> <span class='ocrx_word' id='word_1_255' title='bbox 1042 2692 1116 2720; x_wconf 87' lang='lat' dir='ltr'><strong>nihil</strong></span> <span class='ocrx_word' id='word_1_256' title='bbox 1139 2692 1358 2720; x_wconf 79' lang='lat' dir='ltr'><strong>communiter.</strong></span> <span class='ocrx_word' id='word_1_257' title='bbox 1481 2699 1524 2727; x_wconf 81' lang='lat'><strong>27.</strong></span> <span class='ocrx_word' id='word_1_258' title='bbox 1547 2693 1603 2726; x_wconf 60' lang='lat' dir='ltr'><strong>Al:</strong></span> 
     </span>
     <span class='ocr_line' id='line_1_35' title="bbox 286 2738 974 2775; baseline -0.001 -7"><span class='ocrx_word' id='word_1_259' title='bbox 286 2741 321 2768; x_wconf 87' lang='lat'><strong>11.</strong></span> <span class='ocrx_word' id='word_1_260' title='bbox 344 2739 415 2768; x_wconf 85' lang='lat' dir='ltr'><strong>Cor.</strong></span> <span class='ocrx_word' id='word_1_261' title='bbox 436 2740 458 2767; x_wconf 95' lang='lat' dir='ltr'><strong>I.</strong></span> <span class='ocrx_word' id='word_1_262' title='bbox 603 2738 644 2767; x_wconf 83' lang='lat'><strong>31.</strong></span> <span class='ocrx_word' id='word_1_263' title='bbox 667 2740 693 2767; x_wconf 92' lang='lat' dir='ltr'><strong>A</strong></span> <span class='ocrx_word' id='word_1_264' title='bbox 714 2741 770 2775; x_wconf 64' lang='lat' dir='ltr'><strong>Al:</strong></span> <span class='ocrx_word' id='word_1_265' title='bbox 793 2739 974 2774; x_wconf 79' lang='lat' dir='ltr'><strong>singularia.</strong></span> 
     </span>
    </p>

    <p class='ocr_par' dir='ltr' id='par_1_5' title="bbox 347 2845 1605 2890">
     <span class='ocr_line' id='line_1_36' title="bbox 347 2845 1605 2890; baseline -0.001 -12"><span class='ocrx_word' id='word_1_266' title='bbox 347 2846 378 2879; x_wconf 79' lang='lat'><strong>6.</strong></span> <span class='ocrx_word' id='word_1_267' title='bbox 404 2845 564 2878; x_wconf 85' lang='lat' dir='ltr'><strong>Thomae</strong></span> <span class='ocrx_word' id='word_1_268' title='bbox 594 2847 753 2890; x_wconf 69' lang='lat' dir='ltr'><strong>Aquinat.</strong></span> <span class='ocrx_word' id='word_1_269' title='bbox 781 2857 886 2890; x_wconf 85' lang='lat' dir='ltr'><strong>super</strong></span> <span class='ocrx_word' id='word_1_270' title='bbox 904 2848 958 2879; x_wconf 88' lang='lat' dir='ltr'><strong>1V.</strong></span> <span class='ocrx_word' id='word_1_271' title='bbox 987 2848 1080 2879; x_wconf 80' lang='lat' dir='ltr'><strong>Sem.</strong></span> <span class='ocrx_word' id='word_1_272' title='bbox 1109 2847 1127 2879; x_wconf 91' lang='lat'><strong>1.</strong></span> <span class='ocrx_word' id='word_1_273' title='bbox 1149 2857 1176 2879; x_wconf 87' lang='lat' dir='ltr'><strong>c.</strong></span> <span class='ocrx_word' id='word_1_274' title='bbox 1195 2857 1272 2890; x_wconf 79' lang='lat' dir='ltr'><strong>pag.</strong></span> <span class='ocrx_word' id='word_1_275' title='bbox 1294 2847 1374 2889; x_wconf 74' lang='lat'><strong>374.</strong></span> <span class='ocrx_word' id='word_1_276' title='bbox 1473 2845 1525 2879; x_wconf 74' lang='lat'><strong>26.</strong></span> <span class='ocrx_word' id='word_1_277' title='bbox 1552 2845 1605 2877; x_wconf 86' lang='lat' dir='ltr'><strong>Ad</strong></span> 
     </span>
    </p>
   </div>
   <div class='ocr_carea' id='block_1_4' title="bbox 288 2905 554 2946">
    <p class='ocr_par' dir='ltr' id='par_1_6' title="bbox 288 2905 554 2946">
     <span class='ocr_line' id='line_1_37' title="bbox 288 2905 554 2946; baseline -0.004 -10"><span class='ocrx_word' id='word_1_278' title='bbox 288 2905 424 2936; x_wconf 75' lang='lat' dir='ltr'><strong>Coioss.</strong></span> <span class='ocrx_word' id='word_1_279' title='bbox 450 2905 474 2945; x_wconf 93' lang='lat'><strong>1,</strong></span> <span class='ocrx_word' id='word_1_280' title='bbox 502 2916 554 2946; x_wconf 74' lang='lat'><strong>24.</strong></span> 
     </span>
    </p>
   </div>
   <div class='ocr_carea' id='block_1_5' title="bbox 1736 248 1871 309">
    <p class='ocr_par' dir='ltr' id='par_1_7' title="bbox 1736 248 1871 309">
     <span class='ocr_line' id='line_1_38' title="bbox 1736 248 1871 309; baseline -0.015 -22"><span class='ocrx_word' id='word_1_281' title='bbox 1736 307 1739 309; x_wconf 12' lang='grc' dir='ltr'><strong><em>ι</em></strong></span> <span class='ocrx_word' id='word_1_282' title='bbox 1795 248 1871 287; x_wconf 83' lang='lat'><strong>553</strong></span> 
     </span>
    </p>
   </div>
  </div>
 </body>
</html>
