2045 3312
248 249 338 278 CAP.
360 239 415 297 X.]
744 251 803 282 DE
831 249 1066 283 ECCLESIA.

96 371 130 402 A
153 367 232 412 1¹57*¹
249 358 513 412 privilegium
546 369 793 396 concessum
827 355 877 394 ab
912 355 1079 406 Edgaro
1113 362 1152 393 et
1184 362 1330 393 sancto
1362 354 1571 392 Edwardo

218 428 502 475 lconfessore‚
557 438 805 467 concessum
840 422 1052 478 (inquam)
1087 423 1163 462 sibi
1197 432 1235 462 et
1281 423 1449 462 ecclesie
1494 423 1571 462 sub

249 498 324 537 hac
363 498 517 537 forma:
575 498 830 550 Cognoscat,
879 494 1015 547 inquit
1065 494 1268 545 EdgarUS‚
1315 493 1571 545 magnitudo

248 582 322 608 seu
357 569 519 609 utilitas
552 574 691 607 vestra
720 579 848 618 quam
873 564 1160 604 discernimus
1182 571 1219 603 et
1244 564 1287 603 in
1306 570 1568 615 perpetuum

217 650 503 682 §mansurum
553 638 748 677 iubemus
792 642 918 688 atque
962 636 1272 685 constituimus,
1314 641 1357 673 ut
1384 647 1470 686 pro
1504 647 1569 672 re—

251 711 448 749 verencia
494 709 780 760 reliquiarum
829 707 1136 760 gloriosissimi
1168 705 1352 758 apostoli
1384 704 1498 743 Petri
1535 711 1573 743 et

250 782 388 833 quiete
413 780 720 819 monachorum
756 778 909 817 ibidem
935 778 1028 817 Deo
1050 777 1398 830 fanzulam‘ium‚
1433 776 1572 814 honor

250 859 285 890 et
319 852 416 890 laus
450 850 583 889 eidem
610 850 786 888 ecclesie
810 849 1034 897 habeatur,
1060 855 1103 887 ut
1138 848 1331 900 quisquis
1351 846 1572 900 fugitivo-

250 935 345 961 rum
394 934 478 973 pro
533 920 719 972 quolibet
771 920 934 958 scelere
982 918 1040 958 ad
1081 918 1304 972 prefatam
1351 916 1572 956 basilicam

198 1011 234 1032 10
249 993 388 1031 saneti
420 992 534 1030 Petri
554 990 744 1043 fugiens
776 990 1047 1042 precinctum
1083 989 1174 1028 eius
1206 988 1448 1037 intraverit,
1486 988 1573 1027 sive

244 1062 378 1115 pedes
423 1063 486 1101 vel
526 1060 739 1113 pedester,
772 1061 860 1099 sive
894 1073 1021 1112 eques
1055 1059 1122 1098 vel
1153 1064 1365 1111 equester,
1404 1059 1492 1097 sive
1525 1057 1575 1096 de

251 1134 375 1172 curia
422 1133 567 1185 regali
611 1133 698 1171 sive
743 1131 795 1170 de
838 1132 1010 1170 civitate
1052 1143 1127 1169 seu
1172 1130 1289 1172 villa,
1323 1141 1397 1167 seu
1431 1130 1573 1167 cuius-

252 1217 417 1255 cunque
466 1202 733 1241 condicionis
770 1203 837 1249 sit,
874 1213 1128 1254 quocunque
1161 1200 1315 1239 delicto
1349 1199 1574 1253 facinoris

252 1280 403 1312 eontra
449 1286 526 1312 nos
570 1274 636 1312 vel
679 1285 929 1312 succesores
963 1284 1092 1324 reges
1123 1270 1282 1323 Anglie
1317 1270 1382 1308 vel
1421 1275 1573 1307 contra

199 1344 386 1384 15alium
434 1343 661 1396 quemlibet
679 1342 861 1395 fidelem
897 1348 1043 1381 sancte
1077 1340 1253 1380 ecclesie
1273 1340 1399 1393 foris
1419 1340 1575 1393 sactus

252 1416 317 1463 sit,
364 1414 591 1453 relaxetur
634 1420 673 1452 et
718 1413 927 1452 liberetur
972 1419 1010 1451 et
1057 1413 1186 1451 vitam
1222 1417 1350 1463 atque
1384 1409 1574 1449 membra

252 1485 410 1536 absque
443 1485 532 1523 ulla
566 1483 917 1523 contradiccione
951 1483 1154 1534 optineat.
1203 1481 1410 1521 Preterea
1445 1481 1574 1520 inter-

254 1556 474 1594 minamur
517 1554 663 1594 divina
697 1554 952 1593 auctoritate
986 1560 1026 1592 et
1059 1560 1221 1605 nostra,
1256 1559 1298 1591 ut
1332 1565 1466 1604 neque
1502 1564 1577 1590 nos

254 1639 388 1678 neque
419 1638 692 1665 successores
726 1625 861 1664 nostri
905 1637 1039 1676 neque
1073 1624 1188 1663 ullus
1227 1624 1455 1675 episcopus
1503 1636 1576 1661 nec

198 1696 494 1748 zoquicunque
541 1696 654 1735 alius
706 1695 758 1734 de
810 1694 1042 1733 iudiciaria
1081 1700 1294 1745 potestate
1340 1694 1382 1733 in
1437 1695 1573 1745 ipsam

252 1772 444 1805 sanctam
491 1767 714 1805 basilicam
762 1766 829 1805 vel
872 1766 913 1803 in
960 1771 1184 1803 manentes
1218 1764 1259 1803 in
1295 1765 1390 1815 ipsa
1426 1765 1492 1803 vel
1534 1764 1577 1802 in

253 1837 446 1876 homines
477 1838 550 1889 qui
580 1850 675 1876 cum
708 1849 788 1875 sua
811 1835 1059 1875 substancia
1096 1835 1163 1874 vel
1194 1834 1320 1873 rebus
1352 1833 1409 1873 ad
1440 1835 1575 1885 ipsam

252 1907 426 1947 tradere
461 1908 525 1946 vel
557 1907 768 1946 devovere
791 1919 836 1945 se
860 1906 1084 1953 voluerint,
1110 1905 1193 1944 nisi
1206 1917 1292 1956 per
1316 1904 1575 1944 voluntatem

254 1977 417 2017 abbatis
450 1984 486 2016 et
518 1990 696 2016 suorum
735 1976 1059 2025 monachorum,
1108 1975 1241 2013 ullam
1280 1987 1468 2027 unquam
1504 1975 1577 2013 ha-

199 2049 381 2087 25beant
407 2054 674 2100 potestatem,
709 2047 786 2087 sed
807 2048 859 2086 sit
892 2047 967 2085 hec
990 2052 1129 2084 mater
1157 2045 1336 2084 ecclesia
1370 2045 1508 2085 libera
1542 2052 1579 2083 et

255 2118 453 2157 absoluta
487 2118 539 2156 ab
572 2118 688 2156 omni
715 2117 939 2156 invasione
973 2116 1040 2154 vel
1071 2115 1365 2167 inquietudine
1389 2115 1576 2154 omnium

257 2189 473 2228 hominum
521 2188 817 2240 cuiuscunque
861 2186 1028 2225 ordinis
1073 2186 1140 2226 vel
1183 2187 1426 2238 potestatis.
1496 2185 1577 2225 Ob-

255 2272 477 2298 seeramus
519 2259 655 2298 eciam
691 2270 839 2297 omnes
870 2269 1142 2297 successores
1176 2263 1347 2296 nostros
1379 2269 1505 2309 reges
1541 2262 1579 2295 et

310 2453 339 2477 4.
369 2444 401 2471 In
431 2447 530 2470 carta:
563 2442 769 2470 decernimus.
914 2449 942 2476 7.
976 2441 1036 2468 ibi:
1067 2445 1094 2467 et
1122 2448 1177 2476 pro
1205 2441 1316 2476 quiete.
1461 2440 1488 2467 8.
1519 2440 1577 2467 ibi:

259 2490 397 2517 eiusdem
419 2490 548 2517 ecclesie
569 2490 717 2516 habeatur
737 2488 766 2515 id
788 2493 835 2515 cst
855 2492 896 2514 ut.
1045 2495 1084 2514 ιο.
1108 2487 1188 2514 ibid:
1221 2488 1301 2514 beati
1329 2487 1460 2522 apostoli
1489 2487 1578 2514 Petri.

259 2544 296 2564 12.
315 2536 350 2564 13.
367 2537 398 2564 ln
420 2537 512 2564 codd.
531 2535 600 2563 villa
615 2536 844 2570 cuiuscunque:
860 2534 979 2562 correxi
1002 2543 1016 2561 e
1037 2534 1215 2569 privilegiog
1238 2534 1307 2561 vide
1329 2534 1407 2561 Cod.
1430 2534 1490 2561 dipl
1512 2543 1577 2560 aes.

259 2584 329 2612 Sax.
359 2584 395 2619 ΙΙ,
426 2583 494 2611 366.
640 2581 676 2610 13.
707 2582 739 2609 ln
769 2581 861 2609 codd.
884 2580 1072 2609 facinoriter.
1102 2580 1191 2608 Corr.
1214 2589 1228 2607 e
1250 2581 1328 2616 priv.
1474 2588 1516 2607 22.
1542 2581 1578 2607 ad

259 2631 358 2665 ipsam
380 2631 409 2657 in
432 2630 522 2657 codd.
545 2629 640 2656 deest.
657 2618 775 2656 A'ddidi
796 2637 810 2655 e
833 2628 911 2662 priv.
1056 2635 1100 2662 27.
1123 2628 1168 2654 vel
1191 2627 1370 2662 potestatis;
1393 2628 1487 2654 adde:
1512 2635 1578 2653 esse

259 2677 431 2705 videantur.

322 2773 349 2805 3.
378 2774 501 2815 Comp.
528 2778 601 2803 tom
630 2772 669 2813 ΙΙ,
698 2782 773 2814 pag.
810 2771 885 2803 3033.
919 2771 1005 2802 Cod.
1040 2771 1185 2813 diplom.
1220 2771 1293 2802 aevi
1323 2768 1483 2802 Saxonici
1511 2768 1578 2810 (ed.

261 2828 435 2874 Kemble).
473 2829 620 2861 Kemble
646 2830 741 2872 gives
769 2829 827 2860 the
860 2836 955 2861 exact
981 2830 1099 2860 words
1128 2829 1167 2861 of
1190 2828 1248 2860 the
1281 2835 1416 2871 greater
1442 2834 1518 2870 part
1544 2827 1583 2858 of

263 2888 330 2919 this
357 2888 501 2920 charter.

1613 500 1835 529 westminster

1646 536 1810 571 privileges

1586 572 1713 604 granted
1742 571 1780 606 by
1801 570 1862 597 Ed-

1691 614 1756 641 gaf>
