2045 3312
276 265 366 294 CAP.
388 254 498 312 xxii]
788 268 848 300 DE
876 266 1111 299 ECCLESIA.

1813 254 1890 308 537

126 385 161 418 N
184 382 265 418 201<¹
280 373 529 428 proficimus
565 375 760 428 quamvis
784 387 858 427 per
882 374 1075 413 accidens
1100 371 1279 411 facimus
1314 371 1393 410 sibi
1420 372 1602 421 bonum,
1630 379 1803 408 Christians
1826 381 1884 409 witi

1647 416 1684 443 be
1705 416 1859 451 punished

280 458 355 484 nec
378 445 488 485 valet
521 444 680 496 fingere
713 444 829 497 quod
863 444 968 483 nulli
1004 442 1221 482 christiani
1256 441 1444 481 sencient
1477 441 1601 480 istam
1636 459 1723 514 Thoarg
1743 452 1886 514 {afflati-v

1591 511 1598 517 .
1810 495 1819 502 ²
1841 496 1864 514 S.

280 528 449 567 penam,
503 514 602 568 quia
650 512 717 568 (ut
763 513 847 553 dixi
895 513 1132 553 secundum
1179 510 1441 551 sentenciam
1489 512 1600 551 beati

282 583 496 637 Gregorii)
537 584 593 624 illi
639 592 739 624 sunt
773 583 957 637 pessimi.
1007 583 1130 624 Unde
1164 582 1449 634 Augustinus,
1484 581 1602 620 XX10

247 656 343 698 5De
389 654 571 695 Civitate
621 654 714 707 Dei,
761 654 900 693 XXV0
955 667 1045 707 cap.
1099 653 1201 692 dicit
1257 652 1373 705 quod
1427 665 1448 690 a
1502 665 1602 691 sana

281 725 473 765 doctrina
507 724 616 765 foret
656 724 781 764 nimis
833 725 1100 763 contrarium
1141 731 1188 762 ut
1222 722 1488 762 heresiarche
1532 722 1604 775 qui

280 804 531 848 receperunt
554 795 595 834 in
630 794 804 834 ecclesia
838 795 1116 847 baptismum,
1151 793 1421 832 eucaristiam
1453 802 1493 832 et
1526 793 1605 832 alia

281 866 518 918 carismata,
584 875 680 918 post
740 878 841 905 vero
894 865 1058 917 ingrate
1117 864 1291 904 acucius
1345 864 1604 917 impugnant

281 936 500 976 ecclesiam
547 949 676 989 quam
722 936 794 976 alii
828 933 1035 987 infideles,
1083 935 1182 988 quia
1225 947 1310 973 non
1358 934 1464 973 adeo
1505 942 1605 973 sunt

228 1025 266 1047 10
282 1006 448 1059 ingrati.
474 1006 611 1055 Peior,
636 1007 788 1059 inquit,
813 1012 874 1046 est
904 1006 1099 1046 desertor
1120 1005 1235 1059 fidei
1252 1010 1288 1044 et
1313 1017 1367 1044 ex
1390 1004 1605 1044 desertore

280 1077 558 1130 obpugnator
585 1077 674 1116 eius
697 1076 889 1130 effectus,
923 1089 1052 1129 quam
1087 1077 1158 1116 ille
1191 1075 1266 1129 qui
1299 1088 1380 1114 non
1415 1074 1606 1115 deseruit

281 1160 408 1200 quam
443 1160 662 1201 nunquam
704 1147 848 1187 tenuit.
886 1148 946 1186 Ex
992 1147 1081 1186 istis
1128 1156 1268 1199 potest
1314 1145 1451 1198 colligi
1499 1145 1603 1184 alius

187 1216 474 1257 202⁰sensus⁷¹⁵
498 1218 711 1257 dictorum
747 1217 859 1257 beati
899 1217 1131 1270 Augustini
1168 1216 1446 1256 Enchiridion
1491 1214 1602 1267 CXO,

281 1301 363 1341 que
387 1296 610 1340 ponuntur
633 1288 674 1327 in
700 1287 879 1327 decretis
903 1287 1036 1339 Xllla,
1071 1301 1109 1340 q.
1144 1287 1212 1328 11³.
1253 1287 1450 1339 Tempus.
1478 1286 1603 1325 Ponit

228 1364 264 1397 15
282 1359 395 1398 enim
428 1358 566 1411 primo
600 1358 714 1411 quod
760 1358 801 1397 in
851 1358 931 1397 hoc
978 1357 1202 1397 meditulio
1245 1356 1450 1409 temporis
1494 1356 1603 1396 inter

282 1438 463 1468 mortem
517 1429 702 1468 hominis
747 1438 787 1469 et
830 1429 943 1468 diem
987 1427 1131 1468 iudicii
1179 1427 1388 1479 contingit
1449 1426 1601 1466 mereri

284 1499 346 1538 vel
379 1499 518 1538 iuvare
551 1499 727 1552 spiritus
761 1497 1080 1538 defunctorum.
1116 1497 1241 1538 Ponit
1264 1497 1453 1537 secundo
1487 1496 1603 1550 quod

281 1569 338 1609 eis
374 1577 564 1623 prosunt
593 1569 813 1624 suffragia
851 1570 935 1623 qui,
984 1582 1080 1609 cum
1120 1569 1307 1609 viverent
1345 1568 1418 1608 hec
1449 1568 1528 1607 sibi
1561 1574 1605 1607 ut

275 1646 425 1693 postea
443 1647 623 1692 possent
636 1639 846 1693 prodesse
868 1645 1132 1679 meruerunt.
1168 1639 1324 1678 Tercio
1359 1639 1461 1678 dicit
1485 1639 1601 1692 quod

226 1725 268 1747 20
284 1711 334 1749 de
367 1719 552 1763 quatuor
586 1711 812 1762 generibus
837 1719 1110 1750 mortuorum
1146 1709 1297 1748 merita
1322 1710 1601 1762 superstitum

283 1790 381 1820 sunt
406 1794 491 1834 pro
524 1781 646 1821 valde
689 1780 807 1821 bonis
845 1781 1099 1835 graciarum
1139 1781 1348 1828 acciones,
1394 1792 1479 1832 pro
1519 1793 1602 1819 me-

284 1850 486 1891 diocriter
517 1852 637 1891 bonis
673 1852 1030 1905 propiciaciones,
1069 1863 1153 1904 pro
1192 1850 1315 1890 valde
1348 1850 1474 1890 malis
1504 1857 1605 1890 sunt

283 1922 516 1961 vivencium
541 1922 874 1969 consolaciones,
899 1923 969 1960 sed
997 1921 1270 1961 mediocriter
1299 1921 1418 1960 malis
1443 1920 1603 1960 faciunt

284 1992 615 2045 dampnaciones
674 1991 1020 2044 tollerabiliores,
1083 1991 1141 2031 sic
1194 1991 1311 2044 quod
1377 1991 1604 2044 utrobique

228 2065 267 2098 25
284 2062 426 2101 valent
461 2062 528 2115 pie
562 2062 782 2101 oraciones
817 2062 978 2101 intente
1009 2075 1087 2115 pro
1111 2061 1307 2113 mortuis,
1342 2062 1440 2114 quia
1472 2061 1603 2101 beatis

285 2141 512 2172 vertuntur
551 2132 591 2171 in
627 2132 867 2184 graciarum
909 2133 1114 2184 acciones,
1160 2131 1395 2184 purgandis
1428 2131 1468 2172 in
1504 2145 1602 2184 pro-

284 2202 555 2255 piciaciones,
590 2202 832 2255 dampnatis
866 2216 965 2241 vero
991 2202 1084 2242 licet
1113 2215 1194 2242 non
1226 2203 1312 2242 sint
1339 2201 1602 2251 adiumenta,

285 2281 467 2325 prosunt
512 2282 654 2313 tamen
702 2273 876 2312 ecclesie
915 2273 1115 2312 militanti
1156 2282 1195 2312 et
1244 2273 1485 2325 dampnatis
1531 2272 1602 2326 qui

337 2419 366 2444 4.
387 2410 416 2436 A
436 2409 465 2437 ln
487 2418 601 2445 marg:
624 2410 833 2446 Augustinus.
855 2409 888 2437 In
909 2409 1000 2438 codd.
1022 2418 1088 2446 cap.
1110 2410 1209 2439 XXIV
1230 2410 1370 2439 Cori-exi.
1509 2410 1536 2438 8.
1557 2412 1600 2439 A:

284 2456 490 2492 inpungnant.
637 2456 674 2485 13.
705 2458 734 2484 A
753 2458 810 2492 Αμ
847 2465 957 2484 sensus
986 2458 1161 2486 doctorum.
1307 2458 1343 2486 13.
1374 2460 1401 2485 A
1431 2458 1460 2486 in
1489 2467 1602 2494 marg:

283 2504 491 2539 Augustinus.
641 2511 685 2531 22.
714 2504 772 2532 Hic
804 2505 891 2532 locus
920 2505 951 2532 in
983 2505 1065 2532 decr.
1096 2505 1140 2532 sic
1169 2505 1312 2532 habetur:
1344 2505 1423 2533 Cum
1454 2506 1603 2534 sacrificia

284 2551 389 2579 altaris
404 2552 467 2579 sive
481 2558 742 2587 quarumcunque
753 2551 996 2579 elemosinarum
1014 2559 1070 2587 pro
1085 2551 1246 2587 baptizatis
1263 2552 1409 2579 omnibus
1422 2552 1602 2588 offerunter,

284 2605 340 2633 pro
361 2598 450 2625 valde
470 2597 560 2625 bonis
581 2597 757 2632 graciarum
784 2598 928 2626 acciones
949 2603 1031 2631 sunt,
1063 2606 1119 2631 pro
1140 2606 1202 2626 non
1221 2599 1310 2626 valde
1338 2598 1427 2626 malis
1449 2599 1603 2635 propicia-

284 2644 388 2671 ciones
409 2649 492 2679 sunt,
523 2652 580 2679 pro
600 2645 689 2672 valde
709 2645 809 2679 malis,
840 2645 968 2673 eciamsi
989 2646 1073 2672 nulla
1094 2650 1165 2673 sunt
1193 2645 1371 2673 adiumenta
1392 2650 1601 2682 mortuorum,

285 2696 386 2718 tamen
407 2691 549 2719 vivorum
577 2692 812 2719 consolaciones
834 2696 915 2719 sunt.
954 2693 981 2719 A
1003 2692 1033 2719 in
1058 2700 1145 2727 marg
1165 2701 1171 2717 τ
1198 2691 1278 2720 Nota
1304 2693 1465 2728 quomodo
1486 2698 1513 2720 et
1534 2693 1603 2729 qui-

285 2738 344 2765 bus
364 2739 497 2765 mortuis
518 2744 649 2773 prosunt
679 2738 826 2774 suffragia
859 2739 981 2774 (Above
1002 2743 1071 2767 202⁸
1093 2740 1223 2767 without
1249 2740 1336 2769 mark
1363 2740 1399 2767 of
1420 2739 1602 2772 reference).

348 2854 397 2876 11.
439 2855 515 2887 pag.
555 2845 633 2888 646.
734 2857 781 2887 14.
824 2847 960 2879 Decreti
993 2856 1061 2878 sec.
1099 2857 1190 2890 pars,
1229 2856 1330 2879 causa
1368 2847 1457 2887 XIII,
1495 2858 1528 2890 q.
1562 2848 1600 2887 II,

286 2913 312 2934 c.
337 2902 460 2936 XXIII.
