2045 3312
871 260 1089 297 GENERAL
1117 265 1267 299 INDEX.

557 361 607 394 R.

163 423 302 452 Romana
334 426 464 454 ecclesia
495 432 603 456 vocata
635 435 679 458 est
716 432 845 460 ecclesia
881 433 995 463 Christi

199 475 324 504 propter
345 477 404 499 tres
426 481 537 502 causas
557 474 573 502 3
593 474 654 511 (130
665 479 689 513 ¹)
709 488 740 505 =
761 479 803 508 15.

161 515 300 545 Romane
333 519 571 549 canonizacioni
598 525 759 559 quomodo
794 531 839 554 est
870 528 1000 557 creden—

203 563 296 592 dum?
320 573 336 600 7
356 565 419 600 (134Γ
431 567 455 601 “)
477 577 507 592 Ξ
527 570 571 598 44.

164 611 214 638 Ad
246 619 350 647 regem
381 614 565 643 obediencia
594 619 755 653 quomodo
789 620 937 650 fundatur
967 622 997 651 in

195 658 368 694 scriptura?
388 667 420 687 22
441 660 505 697 (148
517 662 541 698 d)
561 674 594 688 Ξ
612 665 673 694 146.

161 704 204 732 De
225 705 354 740 refugiis
376 707 577 743 fugitivorum
597 717 629 737 22
650 710 747 746 (14821)
768 723 798 738 =
819 715 880 748 146,
901 717 962 745 147.

159 750 324 781 Remittere
344 754 490 783 iniuriam
511 756 585 792 quid
606 757 672 787 est?
691 757 718 786 31
739 759 800 792 (158
811 762 836 795 ³)
859 772 889 787 Ξ
909 764 972 792 210.

159 798 300 834 Qualiter
314 801 523 830 sabbatizacio
539 809 567 831 et
587 805 731 833 remissio
753 814 809 842 pro
825 815 907 836 anno
922 818 994 846 sep-

193 845 269 873 timo
290 851 319 874 et
340 847 454 875 iubileo
469 848 526 877 fuit
539 850 640 878 valida
654 856 794 886 tempore
810 863 866 882 suo
887 860 916 883 et
932 865 994 885 non

191 891 272 921 iam?
292 893 324 921 32
345 893 405 928 (158
417 896 439 929 ⁰)
461 905 492 920 =
514 896 575 926 214-

156 937 326 966 Restituere
347 945 467 969 tenetur
482 943 635 978 spoliator
655 954 694 978 40
714 946 779 976 (166
791 949 825 982 Β),
847 949 881 982 45
897 950 992 985 (171⁶)

190 995 220 1010 =
240 986 301 1021 304,
323 987 386 1016 305.

154 1029 330 1066 Religiones
351 1037 380 1060 et
400 1034 569 1063 elemosine
590 1042 618 1064 et
640 1039 731 1066 multi
753 1039 830 1068 ritus
849 1043 991 1077 perpetui

189 1084 275 1106 erant
290 1081 455 1115 approbati
477 1081 506 1109 in
524 1084 590 1118 lege
605 1085 698 1113 veteri
713 1094 749 1119 42
765 1087 829 1122 (168
842 1089 867 1123 d)
883 1100 914 1114 Ξ
928 1091 988 1119 284.

156 1123 219 1152 Rex
239 1132 348 1160 peccat
372 1127 397 1155 si
424 1136 484 1156 non
512 1131 640 1165 corrigit
666 1132 782 1162 clerum
811 1135 989 1164 elemosinis

188 1171 365 1201 abutentem
386 1174 423 1203 5ο
444 1176 543 1211 (17011)
564 1187 596 1203 Ξ
616 1180 677 1214 341,
698 1181 760 1209 342.

151 1217 214 1246 Rex
243 1219 335 1247 habet
366 1221 456 1250 civile
486 1224 659 1252 dominium
695 1235 789 1260 super
816 1229 934 1258 clerum
961 1231 987 1260 51

186 1265 248 1300 (177
258 1266 282 1299 d)
304 1277 333 1291 =
353 1268 415 1304 350,
436 1269 499 1298 351.

151 1310 209 1338 Pro
229 1319 302 1347 rege
327 1315 493 1343 consilium
522 1318 559 1344 ad
582 1318 806 1354 inquirendum
836 1329 985 1358 quantum

185 1357 284 1386 clerus
315 1366 448 1396 occupat
479 1363 515 1390 de
543 1364 634 1392 bonis
666 1369 892 1402 temporalibus
922 1370 985 1407 51⁸)

184 1404 246 1439 (178
257 1406 281 1439 ⁰)
304 1417 334 1431 =
355 1408 415 1443 355,
436 1409 498 1438 356.

149 1449 267 1479 Contra
293 1458 429 1482 rectores
454 1456 553 1484 malos
580 1458 809 1489 ecclesiasticos
831 1464 871 1498 64
891 1465 984 1501 (1910)

183 1508 214 1523 =
234 1500 296 1528 451.

152 1543 195 1571 De
226 1546 400 1575 colentibus
432 1549 576 1585 reliquias
606 1557 786 1583 sanctorum
816 1555 854 1585 66
883 1557 984 1594 (19211)

180 1601 210 1616 =
230 1593 296 1622 465-

145 1636 317 1668 Romanum
339 1642 519 1676 pontificem
537 1653 599 1672 non
616 1651 758 1676 tenemur
772 1651 898 1679 credere
914 1661 981 1681 esse

180 1690 272 1720 eaput
293 1688 423 1716 ecclesie
444 1695 548 1718 nostre
569 1692 608 1720 66
630 1694 691 1730 (192
702 1695 727 1729 d)
749 1704 780 1721 =
800 1697 862 1726 464,

145 1730 190 1758 De
217 1732 342 1768 reginis,
370 1736 554 1764 concubinis
582 1743 610 1767 et
629 1740 870 1771 adolescentulis
891 1744 979 1774 Salo-

184 1780 286 1807 monis
307 1781 343 1816 67
365 1780 426 1818 (193
437 1783 461 1816 a)
484 1794 513 1808 Ξ
533 1786 595 1814 472.

546 1868 582 1902 S.

142 1943 383 1972 Sacramentalis
405 1945 466 1974 cibi
487 1947 582 1975 virtus
605 1957 613 1976 1
634 1951 695 1985 (128
708 1950 733 1985 b)
756 1962 786 1978 Ξ
807 1955 833 1983 4.

142 1990 186 2016 De
206 1991 322 2019 sanctis
338 1994 495 2027 quomodo
511 2000 556 2022 est
571 1996 786 2027 credendum?
800 2008 814 2034 7
829 2000 891 2035 (134
901 2002 925 2037 b)
944 2014 973 2028 =

170 2037 215 2072 44,
238 2038 282 2073 45,
304 2040 349 2068 46.

138 2081 273 2118 Spiritus
295 2091 420 2113 sanctus
441 2087 573 2122 qualiter
598 2090 626 2116 in
649 2090 778 2120 diversis
798 2094 895 2128 signis
916 2104 971 2132 ap-

172 2130 271 2164 paruit
293 2139 323 2158 10
344 2130 401 2167 (¹37
412 2132 438 2167 b)
460 2144 490 2159 Ξ
513 2135 556 2171 64,
577 2136 621 2165 65-

137 2175 316 2204 Salomonis
343 2179 456 2215 regine,
489 2183 663 2210 concubine
685 2188 713 2212 et
740 2185 969 2217 adolescentule

171 2223 242 2257 quid
265 2225 460 2254 sentenciant
479 2235 510 2263 19
526 2228 586 2261 (145
598 2229 621 2263 d)
645 2242 675 2254 =
694 2232 755 2261 125.

136 2269 263 2297 Senium
285 2275 313 2297 et
333 2271 499 2308 antiquitas
521 2274 551 2302 in
573 2283 635 2311 quo
652 2277 796 2307 differunt
815 2287 851 2308 20
867 2283 967 2318 (147⁸)

170 2325 200 2341 Ξ
220 2317 281 2353 132,
302 2318 363 2347 133.

133 2360 267 2397 Sequela
288 2362 403 2392 Christi
423 2365 459 2393 26
481 2366 540 2401 (153
551 2367 576 2402 b)
600 2379 629 2394 Ξ
649 2371 710 2398 177.

133 2406 293 2443 Scripture
326 2418 412 2438 sacre
444 2412 556 2450 1101101,
590 2415 659 2450 quia
693 2416 722 2443 in
759 2417 828 2452 ipsa
858 2421 963 2448 omnis

167 2455 280 2482 veritas
302 2457 476 2486 continetur
497 2460 531 2487 26
555 2461 611 2495 (152
623 2462 650 2496 ¹³¹)
669 2473 699 2488 Ξ
720 2466 780 2494 173.

134 2499 275 2536 Qualiter
295 2503 504 2532 sabbatizacio
526 2515 581 2541 pro
602 2516 683 2536 anno
705 2512 840 2546 septimo
862 2520 891 2542 et
911 2524 959 2543 re-

169 2547 276 2575 missio
305 2557 361 2585 pro
389 2559 470 2578 anno
491 2552 605 2581 iubileo
625 2555 681 2583 fuit
702 2557 799 2586 valida
821 2565 961 2597 tempore

164 2602 220 2621 suo
241 2599 269 2622 et
291 2604 350 2624 non
376 2597 437 2625 iam
458 2597 490 2626 32
508 2599 566 2634 (158
580 2602 604 2635 ⁰)
626 2613 656 2627 =
679 2611 740 2637 2¹4·

133 2641 234 2668 Status
256 2643 331 2670 cleri
350 2643 382 2671 32
404 2644 462 2678 (158
474 2647 508 2680 ο),
528 2655 566 2681 42
587 2649 651 2683 (168
662 2650 688 2685 d)
712 2662 741 2676 Ξ
762 2654 822 2686 214,
844 2656 904 2684 284.

128 2685 283 2715 Sacerdos
298 2690 396 2717 malus
413 2691 579 2728 episcopus
595 2699 651 2722 etc.
668 2704 728 2724 non
742 2703 786 2726 est
799 2702 956 2736 sacerdos,

161 2733 327 2770 episcopus
349 2735 382 2771 37
404 2738 467 2772 (164
479 2740 504 2775 a)
524 2750 555 2766 =
575 2742 636 2771 251.

200 2828 224 2854 ⁵)
246 2827 386 2857 Number
405 2832 439 2858 of
457 2832 507 2859 the
528 2841 605 2867 page
627 2836 771 2871 omitted,

125 2871 200 2900 dunt
220 2881 287 2900 esse
307 2877 484 2905 sacerdotes
505 2879 565 2909 sint
585 2883 777 2912 sacerdotes.

1838 268 1916 320 595

1074 366 1235 403 Spoliator
1253 375 1375 399 tenetur
1396 373 1558 402 restituere
1572 384 1611 409 40
1634 376 1700 411 (166
1712 377 1749 415 c¹),
1771 379 1808 414 45
1826 380 1880 414 (171
1892 381 1917 415 d)

1109 425 1140 441 =
1160 417 1220 449 269,
1239 417 1301 452 304,
1322 418 1381 448 305.

1073 459 1191 490 Contra
1205 464 1403 493 securitatem
1420 467 1595 496 dotacionis
1616 478 1647 504 41
1663 471 1729 506 (167
1741 473 1763 507 ο)
1786 477 1813 501 et
1833 473 1913 502 infra

1106 508 1170 542 (170
1181 508 1205 543 1’)
1226 519 1259 535 Ξ
1278 512 1339 544 274,
1359 512 1421 549 275,
1441 514 1502 543 294.

1071 555 1232 590 Scriptura
1253 565 1343 585 sacra
1363 560 1525 594 quomodo
1559 562 1651 591 debet
1671 563 1799 600 defendi
1818 571 1847 595 et
1866 572 1911 595 te-

1105 602 1192 631 neri?
1211 611 1249 638 47
1270 604 1365 641 (1733)
1388 615 1419 631 =
1439 608 1500 644 318,
1522 609 1583 638 319.

1069 671 1255 701 Sacerdotes
1278 676 1330 710 <
1351 654 1440 704 mum.
1459 677 1513 713 >
1534 687 1574 715 49
1597 681 1656 716 (175
1668 683 1692 715 ο)
1715 692 1745 708 =
1765 684 1827 713 333.

1351 707 1442 734 pauci

1068 741 1156 770 Servi
1178 743 1278 772 civilis
1299 746 1442 774 condicio
1462 747 1489 776 51
1511 750 1572 784 (177
1582 751 1608 785 ⁴³)
1630 761 1661 777 Ξ
1681 752 1733 782 350

1068 787 1210 817 Salvacio
1224 790 1432 827 Constantini,
1445 793 1744 827 Nabuchodonosor
1757 800 1787 829 53
1809 800 1873 836 (180
1885 802 1909 837 b)

1102 846 1133 861 Ξ
1153 838 1214 866 369.

1071 882 1155 910 Beati
1176 883 1320 914 Silvestri
1342 886 1482 916 defectus
1502 888 1533 917 53
1556 890 1657 924 (18012)
1680 903 1710 917 Ξ
1730 894 1791 923 368.

1066 928 1203 965 Spiritus
1218 931 1351 960 hominis
1368 938 1412 962 est
1426 935 1534 963 eadem
1548 944 1682 971 persona
1695 947 1765 968 cum
1779 941 1906 971 homine

1101 975 1140 1004 60
1160 975 1223 1012 (187
1233 979 1258 1012 ·)
1278 989 1308 1004 Ξ
1327 981 1390 1010 421-

1065 1021 1220 1052 Sacerdos
1250 1027 1411 1061 quomodo
1445 1037 1478 1056 se
1512 1031 1614 1066 privat
1642 1032 1837 1062 sacerdocio.
1870 1035 1909 1062 Et

1097 1075 1200 1099 tamen
1230 1075 1389 1108 quomodo
1410 1081 1514 1105 manet
1545 1079 1694 1107 sacerdos
1733 1081 1773 1115 64
1803 1082 1903 1118 (¹90⁰)

1099 1128 1129 1142 Ξ
1148 1120 1210 1155 447,
1231 1121 1292 1149 448.

1061 1163 1216 1193 Sacerdos
1246 1175 1306 1194 non
1329 1168 1419 1197 debet
1447 1169 1565 1206 litigare
1597 1180 1653 1207 pro
1673 1175 1901 1210 temporalibus

1100 1211 1138 1243 64
1161 1212 1225 1248 (190
1238 1214 1260 1248 c)
1285 1224 1315 1238 Ξ
1335 1216 1397 1244 449.

1062 1256 1178 1286 Contra
1199 1260 1378 1288 sacerdotes
1400 1263 1451 1296 (et)
1474 1268 1611 1292 rectores
1633 1265 1732 1293 malos
1754 1267 1902 1305 6409111)

1096 1316 1126 1330 Ξ
1146 1306 1207 1335 451-
1344 1300 1347 1303 .

1060 1351 1191 1387 Qualem
1231 1361 1319 1388 spem
1361 1355 1453 1383 debet
1491 1357 1604 1385 habere
1644 1360 1824 1395 predicator
1862 1363 1900 1391 ad

1094 1398 1215 1427 Deum?
1236 1399 1276 1434 64
1296 1402 1400 1437 (190‘1)
1420 1413 1451 1428 =
1471 1404 1533 1434 450-

1058 1443 1214 1473 Sacerdos
1246 1448 1345 1475 malus
1372 1454 1417 1477 est
1437 1451 1586 1478 sacerdos
1613 1456 1642 1479 et
1671 1453 1826 1483 ministrat
1857 1455 1897 1490 64

1094 1493 1196 1527 (190⁰)
1217 1504 1247 1518 =
1267 1496 1328 1524 448-

1057 1538 1166 1567 Utrum
1188 1540 1291 1568 omnis
1312 1542 1364 1576 qui
1385 1544 1580 1578 pretenditur
1600 1554 1668 1574 esse
1688 1549 1836 1577 sacerdos
1860 1550 1899 1578 sit

1091 1586 1238 1614 sacerdos
1250 1587 1296 1622 b)?
1318 1588 1353 1617 65
1375 1589 1469 1625 (1910)
1492 1601 1521 1616 =
1542 1592 1604 1621 455.

1055 1631 1129 1660 Sine
1150 1634 1354 1662 sacramentis
1376 1637 1492 1664 nostris
1513 1639 1714 1667 sensibilibus
1737 1642 1774 1669 de
1795 1644 1895 1677 possi-

1088 1679 1142 1707 bili
1163 1687 1304 1709 servatur
1324 1681 1398 1710 fides
1421 1683 1456 1711 65
1477 1685 1571 1720 (19111)
1594 1696 1625 1712 Ξ
1645 1687 1707 1716 457.

1053 1725 1187 1754 Stultum
1216 1733 1261 1755 est
1282 1728 1395 1757 laicum
1416 1731 1483 1758 sine
1505 1732 1667 1761 evidencia
1694 1735 1833 1764 dubitare
1855 1745 1893 1766 an

1088 1773 1251 1808 porrigens
1289 1775 1349 1803 sibi
1379 1783 1574 1806 sacramenta
1607 1780 1646 1808 sit
1677 1782 1826 1810 sacerdos
1859 1783 1893 1812 65

1087 1820 1148 1854 (192
1159 1820 1184 1853 ⁴¹)
1207 1830 1238 1845 Ξ
1258 1822 1322 1851 457.

1053 1866 1095 1893 De
1114 1866 1258 1895 Samuele
1279 1877 1317 1896 an
1332 1869 1399 1905 ipse
1419 1870 1476 1899 fuit
1495 1873 1662 1902 suscitatus
1681 1880 1709 1903 et
1723 1878 1886 1912 quomodo

1085 1913 1226 1941 diabolus
1247 1915 1364 1951 decipit
1391 1917 1534 1946 homines
1562 1928 1617 1955 per
1641 1923 1718 1949 tales
1745 1929 1887 1953 mortuos

1084 1960 1123 1987 66
1146 1960 1207 1997 (193
1219 1963 1241 1995 n)
1263 1973 1293 1987 Ξ
1312 1964 1375 1993 466,

1047 2006 1199 2042 Suffragia
1226 2016 1281 2043 pro
1310 2010 1442 2038 mortuis
1469 2011 1493 2039 si
1521 2018 1548 2040 et
1569 2016 1728 2049 quomodo
1751 2024 1883 2052 prosunt

1082 2061 1118 2088 70
1139 2054 1251 2091 (19611),
1274 2064 1306 2093 73
1328 2058 1394 2090 (202
1406 2058 1429 2092 ⁸)
1451 2063 1506 2086 etc.
1529 2069 1560 2085 =
1581 2062 1642 2097 494,
1662 2062 1724 2091 537.

1061 2111 1107 2139 De
1127 2113 1234 2140 eadem
1253 2115 1414 2143 materiam
1434 2117 1499 2152 (sic)
1520 2126 1615 2154 quere
1633 2128 1691 2155 per
1710 2122 1862 2152 ordinem.

1042 2159 1236 2193 Argumenta
1256 2162 1338 2196 quod
1360 2170 1469 2190 omnes
1491 2164 1693 2194 salvabuntur
1713 2176 1785 2197 cum
1802 2172 1883 2199 solu-

1078 2205 1220 2233 cionibus
1242 2215 1279 2241 70
1301 2208 1365 2243 (197
1376 2210 1412 2245 ¹⁵),
1434 2218 1467 2246 73
1490 2212 1561 2246 (200
1572 2213 1598 2246 b)
1619 2223 1650 2238 Ξ
1669 2215 1731 2251 496,
1752 2216 1813 2246 524.

1041 2250 1177 2280 Tantum
1203 2253 1234 2280 in
1260 2254 1359 2282 tribus
1386 2258 1589 2286 sacramentis
1611 2265 1749 2289 caracter
1768 2262 1878 2298 impri-

1075 2298 1169 2326 mitur
1189 2308 1217 2333 71
1238 2301 1302 2336 (197
1315 2304 1336 2337 c)
1358 2312 1389 2328 Ξ
1408 2304 1470 2333 501-

1039 2343 1098 2372 Pro
1129 2347 1287 2382 sepultura
1323 2355 1351 2377 et
1377 2351 1515 2387 exequiis
1546 2352 1627 2381 circa
1657 2356 1819 2385 ecclesiam
1841 2360 1877 2393 76

1072 2391 1138 2423 (202
1152 2393 1174 2426 ⁰)
1195 2403 1225 2418 :
1246 2395 1307 2423 542.

1037 2435 1206 2471 Quomodo
1227 2442 1378 2476 contingit
1406 2451 1500 2472 unum
1528 2445 1707 2475 satisfacere
1728 2456 1784 2484 pro
1813 2450 1872 2479 alio

1071 2492 1105 2519 77
1125 2485 1229 2520 (2041))
1251 2497 1280 2512 Ξ
1300 2488 1361 2516 557.

1433 2599 1476 2631 T.

1031 2657 1267 2694 Temporalium
1285 2662 1411 2691 amissio
1433 2665 1536 2693 minus
1558 2667 1692 2697 dolenda
1713 2676 1758 2698 est
1774 2679 1868 2707 quam

1065 2706 1193 2734 amissio
1214 2708 1334 2736 virtutis
1353 2710 1369 2737 8
1390 2711 1447 2744 (135
1458 2713 1482 2746 ²²)
1504 2723 1534 2738 Ξ
1554 2714 1598 2750 50,
1618 2715 1663 2744 51.

1030 2750 1146 2780 Contra
1169 2753 1358 2784 tradiciones
1386 2757 1536 2786 humanas
1558 2760 1574 2787 8
1596 2761 1650 2795 (135
1661 2762 1685 2797 b)
1706 2773 1737 2789 =
1757 2765 1801 2802 51,
1821 2766 1866 2795 52.

936 2841 961 2875 l³)
983 2850 1011 2869 111
1034 2843 1104 2872 cod.
1126 2845 1178 2873 fol.
1201 2854 1244 2881 191
1268 2848 1399 2876 rectiusz
1426 2850 1592 2881 Dubitatur
1610 2862 1647 2882 an
1668 2856 1720 2890 qui
1741 2862 1863 2891 preten-

1657 2949 1722 2984 38*
