2045 3312
270 267 358 295 eff.
374 256 501 314 xxm]
780 268 839 300 DE
867 268 1099 300 ECCLESIA.
1785 258 1865 307 559

116 384 251 428 13204b
268 375 381 428 apud
415 376 553 415 Deum
592 375 663 415 illo
704 374 848 414 debito
887 382 1155 424 exoneratus,
1201 372 1274 412 sed
1319 385 1429 412 unus
1482 372 1587 412 alius

267 459 290 484 a
322 458 408 498 quo
441 445 554 485 Deus
588 444 781 484 debitum
813 441 919 483 illud
953 443 1094 496 exigit,
1144 456 1228 481 non
1263 444 1314 482 ab
1348 441 1433 482 illo.
1489 442 1588 482 Ideo

267 515 409 555 videat
446 516 577 555 homo
616 515 649 555 si
682 523 826 569 potest
860 527 950 554 esse
991 514 1138 553 beatus
1177 527 1283 566 pure
1324 526 1399 566 per
1438 526 1589 566 procu-

173 601 253 639 204e
268 596 467 638 satorem,
502 594 542 625 et
574 595 677 626 tunc
699 584 722 608 '³²
745 585 956 638 concipiet
985 584 1018 624 si
1042 592 1183 636 potest
1213 583 1456 623 satisfacere
1486 597 1589 636 pure

235 667 342 709 5per
379 664 729 709 procuratorem3
777 663 950 708 oportet
995 654 1107 694 enim
1147 654 1455 709 percipientem
1496 667 1589 707 pre-

267 727 402 766 mium
447 727 688 780 persolvere
736 726 951 766 meritum.
1008 726 1133 766 Unde
1184 739 1269 766 non
1318 725 1428 765 foret
1480 738 1589 764 onus

267 811 425 848 meum,
467 797 518 837 ad
551 797 667 851 quod
708 797 1054 850 supportandum
1091 796 1195 836 alius
1242 809 1309 835 me
1354 796 1470 835 iuvat
1511 795 1590 834 nisi

267 881 345 920 ego
377 868 554 907 debeam
579 867 819 908 satisfacere
853 881 930 920 pro
955 868 1037 907 illo.
1075 866 1173 906 ideo
1199 866 1300 906 dicit
1330 866 1589 918 Apostolus:

273 939 571 993 Unusquisque
616 952 724 978 onus
765 951 892 978 suum
930 937 1124 991 portabit
1170 936 1260 976 Gal.
1301 936 1392 987 vlo,
1436 936 1470 976 5.
1525 936 1590 976 Sic

214 1029 252 1051 10
267 1022 366 1062 ergo
391 1023 438 1049 ex
461 1009 501 1048 vi
523 1009 840 1049 communionis
863 1017 1107 1049 sanctorum
1140 1007 1344 1047 habemus
1376 1007 1590 1059 reciproce

267 1080 495 1133 adiutores,
527 1079 568 1119 in
592 1088 757 1119 tantum
782 1080 898 1133 quod
922 1079 1005 1118 Dei
1026 1079 1245 1118 adiutores
1267 1090 1418 1117 sumus
1441 1090 1588 1117 secun-

267 1152 369 1190 dum
402 1150 656 1203 Apostolum
689 1150 736 1202 1³,
777 1149 967 1191 Corinth.
998 1150 1085 1201 1110,
1120 1163 1143 1201 9
1178 1162 1250 1188 seu
1274 1157 1442 1201 oportet
1475 1148 1590 1201 quod

268 1235 365 1261 cum
397 1221 609 1261 adiutorio
642 1221 722 1260 isto
755 1220 886 1260 simus
920 1228 1229 1273 cooperatores

328 1292 392 1330 Ad
436 1292 669 1331 secundum
714 1299 1013 1343 argumentum
1059 1298 1173 1343 patet
1211 1289 1327 1342 quod
1372 1288 1588 1328 conclusio
1606 1293 1879 1321 Astothesecond

1623 1333 1787 1363 argument
1808 1337 1867 1356 one

215 1371 328 1403 15est
361 1362 642 1414 concedenda,
675 1362 745 1400 sed
780 1374 1002 1414 nunquam
1033 1368 1175 1412 potest
1212 1372 1324 1398 unus
1357 1359 1589 1412 dampnare
1627 1364 1857 1427 cariiggiscsaiiae

267 1432 398 1472 alium
443 1433 585 1486 quoad
617 1432 768 1483 Deum,
816 1431 892 1470 nisi
938 1431 1025 1485 ipse
1072 1430 1325 1484 superaddat
1368 1429 1880 1498 propriumlstiissssfffvnissnssf

267 1503 481 1555 delictum,
530 1511 575 1542 ut
614 1511 727 1556 patet
771 1502 813 1541 in
852 1501 1024 1541 materia
1070 1502 1120 1540 de
1165 1500 1356 1554 originali
1401 1493 1781 1553 peccato‚fai1¹tofhis
1797 1514 1879 1533 own.

266 1582 304 1613 et
343 1573 437 1613 ideo
478 1573 587 1612 canit
630 1572 763 1612 fidelis
808 1571 979 1611 ecclesia
1027 1572 1145 1625 quod
1190 1571 1311 1610 nulla
1350 1570 1389 1610 ei
1429 1570 1590 1609 nocebit

264 1644 519 1693 adversitas,
564 1643 601 1684 si
644 1644 765 1683 nulla
799 1642 1039 1682 dominetur
1078 1642 1291 1695 iniquitas.
1339 1641 1588 1690 QuomodO,

211 1733 252 1753 20
266 1728 412 1768 queso,
453 1722 596 1767 posset
627 1714 740 1753 Deus
778 1714 1004 1762 dampnare
1038 1726 1124 1753 non
1156 1726 1276 1752 reum
1309 1720 1348 1751 et
1383 1724 1455 1764 per
1487 1724 1587 1750 con-

266 1798 445 1838 sequens
487 1798 575 1823 non
609 1781 948 1835 dampnabilem?
995 1784 1047 1822 Et
1085 1791 1200 1835 patet
1232 1781 1396 1822 bonitas
1431 1781 1505 1821 Dei
1547 1781 1588 1820 in

266 1855 347 1894 hoc
386 1855 502 1908 quod
540 1854 755 1894 neminem
801 1854 943 1905 salvat,
993 1853 1069 1892 nisi
1121 1867 1250 1907 quem
1289 1851 1478 1906 prevenit
1516 1852 1587 1891 ad-

267 1925 468 1976 iuvando,
502 1938 576 1964 nec
609 1924 794 1977 aliquem
817 1924 1033 1977 dampnat,
1067 1923 1144 1962 nisi
1167 1937 1191 1962 a
1213 1936 1299 1976 quo
1322 1922 1589 1975 preveniente

270 1995 536 2035 occasionem
578 1994 728 2048 accipit
766 2009 813 2035 ex
857 2003 1041 2048 peccato,
1095 1994 1148 2034 Et
1192 2002 1304 2047 patet
1343 1994 1459 2048 quod
1496 1993 1590 2033 licet

212 2072 251 2104 25
269 2065 488 2106 brachium
521 2079 562 2104 se
595 2074 778 2118 exponat
809 2079 887 2119 pro
911 2065 1057 2118 capite,
1092 2073 1232 2104 tamen
1265 2072 1432 2117 oportet
1465 2072 1590 2116 caput

269 2136 589 2190 quodammodo
613 2149 655 2175 se
679 2138 833 2177 iuvare.
870 2136 968 2175 Ideo
992 2134 1188 2189 quamvis
1213 2133 1433 2188 quodlibet
1454 2147 1587 2174 mem-

269 2208 392 2247 brum
423 2207 537 2247 iuvet
575 2207 689 2246 aliud
720 2207 773 2246 ad
803 2207 1031 2260 agendum,
1070 2217 1213 2246 tamen
1252 2205 1418 2244 nullum
1453 2219 1587 2244 mem-

270 2278 393 2316 brum
431 2278 600 2331 supplet
637 2277 815 2317 omnino
848 2276 1018 2317 alterius
1056 2275 1235 2316 membri
1269 2274 1474 2327 officium,
1517 2275 1589 2314 sed

268 2347 453 2388 iuvando
477 2347 693 2400 satisfacit;
728 2357 766 2388 et
788 2348 844 2388 sic
868 2357 929 2388 est
959 2349 1008 2387 de
1032 2360 1207 2400 corpore
1231 2346 1386 2387 Christi
1408 2345 1589 2397 mistico,

213 2423 255 2456 30
270 2418 369 2472 quia
412 2418 528 2458 aliter
565 2427 706 2472 posset
744 2418 858 2458 Deus
892 2417 1069 2457 omnino
1103 2418 1282 2457 eximere
1314 2416 1535 2456 hominem
1567 2430 1591 2455 a

270 2488 410 2528 debito
452 2488 658 2529 servitutis
693 2489 835 2542 quoad
866 2489 1019 2540 Deum,
1052 2488 1169 2542 quod
1200 2496 1351 2527 notum
1384 2496 1444 2526 est
1476 2486 1588 2526 clau-

271 2560 366 2599 dere
410 2559 738 2613 repugnanciam
794 2559 1027 2599 formalem.
1089 2559 1187 2597 Ideo
1239 2558 1345 2597 sicut
1388 2558 1502 2597 Deus
1546 2557 1589 2596 in

272 2642 395 2682 opere
435 2629 661 2669 creacionis
699 2643 786 2669 non
824 2638 963 2683 potest
999 2629 1150 2668 habere
1191 2637 1382 2668 naturam
1417 2627 1587 2667 coadiu-

325 2786 367 2814 14.
390 2778 411 2805 Β
433 2779 462 2806 in
485 2787 599 2814 marg:
620 2779 707 2806 Istud
730 2783 762 2806 ut
782 2779 902 2807 videtur
922 2779 1025 2806 obviat
1041 2778 1084 2806 eis
1106 2779 1158 2814 qui
1180 2782 1301 2813 ponunt
1328 2777 1477 2804 infantem
1495 2775 1590 2802 disce-

273 2826 394 2853 dentem
409 2825 525 2861 absque
540 2826 695 2860 baptismo
708 2824 843 2853 flaminis
856 2826 919 2853 fore
932 2825 1149 2853 inevitabiliter
1162 2826 1378 2858 dampnatum.
1458 2830 1503 2849 20.
1520 2822 1589 2848 Ain

272 2880 387 2907 marga
415 2872 598 2900 Soluciones
625 2873 715 2899 utiles
742 2877 1001 2907 argumentorum
1029 2880 1122 2906 supra
1151 2871 1327 2906 positorum
1359 2869 1478 2902 (Above
1506 2873 1576 2902 :¹04⁰

272 2920 402 2947 without
423 2921 510 2947 mark
530 2919 565 2947 of
584 2919 760 2952 reference).
