<?xml version="1.0" encoding="UTF-8"?>
<!DOCTYPE html PUBLIC "-//W3C//DTD XHTML 1.0 Transitional//EN"
    "http://www.w3.org/TR/xhtml1/DTD/xhtml1-transitional.dtd">
<html xmlns="http://www.w3.org/1999/xhtml" xml:lang="en" lang="en">
 <head>
  <title>
</title>
<meta http-equiv="Content-Type" content="text/html;charset=utf-8" />
  <meta name='ocr-system' content='tesseract 3.04.00' />
  <meta name='ocr-capabilities' content='ocr_page ocr_carea ocr_par ocr_line ocrx_word'/>
</head>
<body>
  <div class='ocr_page' id='page_1' title='image "./iohanniswycliftr04wycl_0049.png"; bbox 0 0 2045 3312; ppageno 0'>
   <div class='ocr_carea' id='block_1_1' title="bbox 277 231 1886 289">
    <p class='ocr_par' dir='ltr' id='par_1_1' title="bbox 277 231 1886 289">
     <span class='ocr_line' id='line_1_1' title="bbox 277 231 1886 289; baseline 0.004 -17"><span class='ocrx_word' id='word_1_1' title='bbox 277 242 366 271; x_wconf 74' lang='lat' dir='ltr'>cAP.</span> <span class='ocrx_word' id='word_1_2' title='bbox 388 231 429 289; x_wconf 73' lang='grc'>1.]</span> <span class='ocrx_word' id='word_1_3' title='bbox 786 243 846 274; x_wconf 83' lang='lat' dir='ltr'>DE</span> <span class='ocrx_word' id='word_1_4' title='bbox 873 243 1111 275; x_wconf 77' lang='lat' dir='ltr'>ECCLESIA.</span> <span class='ocrx_word' id='word_1_5' title='bbox 1847 249 1856 273; x_wconf 81' lang='lat'>1</span> <span class='ocrx_word' id='word_1_6' title='bbox 1875 249 1886 273; x_wconf 87' lang='lat'>1</span> 
     </span>
    </p>
   </div>
   <div class='ocr_carea' id='block_1_2' title="bbox 169 348 1881 1813">
    <p class='ocr_par' dir='ltr' id='par_1_2' title="bbox 169 348 1881 1813">
     <span class='ocr_line' id='line_1_2' title="bbox 169 348 1599 396; baseline -0.001 -5"><span class='ocrx_word' id='word_1_7' title='bbox 169 364 206 396; x_wconf 83' lang='lat' dir='ltr'>H</span> <span class='ocrx_word' id='word_1_8' title='bbox 237 352 334 396; x_wconf 69' lang='lat' dir='ltr'>ebir</span> <span class='ocrx_word' id='word_1_9' title='bbox 378 365 402 390; x_wconf 80' lang='lat' dir='ltr'>a</span> <span class='ocrx_word' id='word_1_10' title='bbox 447 350 628 390; x_wconf 75' lang='lat' dir='ltr'>caritate</span> <span class='ocrx_word' id='word_1_11' title='bbox 674 349 778 388; x_wconf 76' lang='lat' dir='ltr'>dei?</span> <span class='ocrx_word' id='word_1_12' title='bbox 829 348 1004 388; x_wconf 86' lang='lat' dir='ltr'>Sextum</span> <span class='ocrx_word' id='word_1_13' title='bbox 1048 348 1344 388; x_wconf 87' lang='lat' dir='ltr'>testimonium</span> <span class='ocrx_word' id='word_1_14' title='bbox 1389 359 1449 389; x_wconf 81' lang='lat' dir='ltr'>est</span> <span class='ocrx_word' id='word_1_15' title='bbox 1498 351 1599 390; x_wconf 87' lang='lat' dir='ltr'>illud</span> 
     </span>
     <span class='ocr_line' id='line_1_3' title="bbox 184 409 1600 474; baseline -0.001 -13"><span class='ocrx_word' id='word_1_16' title='bbox 184 409 473 461; x_wconf 68' lang='lat' dir='ltr'>¹20&#39;&#39;Johannis</span> <span class='ocrx_word' id='word_1_17' title='bbox 496 420 568 470; x_wconf 76' lang='lat' dir='ltr'>XO,</span> <span class='ocrx_word' id='word_1_18' title='bbox 595 420 661 459; x_wconf 79' lang='lat'>16:</span> <span class='ocrx_word' id='word_1_19' title='bbox 687 418 779 458; x_wconf 77' lang='lat' dir='ltr'>Fiet</span> <span class='ocrx_word' id='word_1_20' title='bbox 806 431 938 458; x_wconf 81' lang='lat' dir='ltr'>unum</span> <span class='ocrx_word' id='word_1_21' title='bbox 962 418 1074 458; x_wconf 79' lang='lat' dir='ltr'>ovile</span> <span class='ocrx_word' id='word_1_22' title='bbox 1095 425 1133 458; x_wconf 83' lang='lat' dir='ltr'>et</span> <span class='ocrx_word' id='word_1_23' title='bbox 1157 431 1268 458; x_wconf 76' lang='lat' dir='ltr'>unus</span> <span class='ocrx_word' id='word_1_24' title='bbox 1285 427 1457 471; x_wconf 75' lang='lat' dir='ltr'>pastor,</span> <span class='ocrx_word' id='word_1_25' title='bbox 1483 422 1600 474; x_wconf 84' lang='lat' dir='ltr'>quod</span> 
     </span>
     <span class='ocr_line' id='line_1_4' title="bbox 275 488 1597 543; baseline 0 -13"><span class='ocrx_word' id='word_1_26' title='bbox 275 491 382 531; x_wconf 83' lang='lat' dir='ltr'>ovile</span> <span class='ocrx_word' id='word_1_27' title='bbox 426 498 596 543; x_wconf 85' lang='lat' dir='ltr'>oportet</span> <span class='ocrx_word' id='word_1_28' title='bbox 652 488 840 529; x_wconf 90' lang='lat' dir='ltr'>confiteri</span> <span class='ocrx_word' id='word_1_29' title='bbox 899 489 1075 529; x_wconf 88' lang='lat' dir='ltr'>eandem</span> <span class='ocrx_word' id='word_1_30' title='bbox 1141 498 1320 529; x_wconf 89' lang='lat' dir='ltr'>matrem</span> <span class='ocrx_word' id='word_1_31' title='bbox 1366 491 1597 531; x_wconf 89' lang='lat' dir='ltr'>ecclesiam.</span> 
     </span>
     <span class='ocr_line' id='line_1_5' title="bbox 275 559 1600 612; baseline 0.001 -12"><span class='ocrx_word' id='word_1_32' title='bbox 275 560 495 611; x_wconf 84' lang='lat' dir='ltr'>Quotlibet</span> <span class='ocrx_word' id='word_1_33' title='bbox 542 569 639 600; x_wconf 90' lang='lat' dir='ltr'>sunt</span> <span class='ocrx_word' id='word_1_34' title='bbox 683 559 888 612; x_wconf 84' lang='lat' dir='ltr'>scripture</span> <span class='ocrx_word' id='word_1_35' title='bbox 934 567 973 598; x_wconf 90' lang='lat' dir='ltr'>et</span> <span class='ocrx_word' id='word_1_36' title='bbox 1012 559 1198 598; x_wconf 81' lang='lat' dir='ltr'>raciones</span> <span class='ocrx_word' id='word_1_37' title='bbox 1240 560 1436 600; x_wconf 82' lang='lat' dir='ltr'>docentes</span> <span class='ocrx_word' id='word_1_38' title='bbox 1477 561 1600 601; x_wconf 90' lang='lat' dir='ltr'>istam</span> 
     </span>
     <span class='ocr_line' id='line_1_6' title="bbox 241 629 1597 682; baseline 0 -12"><span class='ocrx_word' id='word_1_39' title='bbox 241 631 543 678; x_wconf 66' lang='lat' dir='ltr'>§sentenciam,</span> <span class='ocrx_word' id='word_1_40' title='bbox 588 639 634 670; x_wconf 89' lang='lat' dir='ltr'>ut</span> <span class='ocrx_word' id='word_1_41' title='bbox 667 629 773 669; x_wconf 91' lang='lat' dir='ltr'>sicut</span> <span class='ocrx_word' id='word_1_42' title='bbox 806 629 968 682; x_wconf 88' lang='lat' dir='ltr'>primus</span> <span class='ocrx_word' id='word_1_43' title='bbox 1000 629 1138 669; x_wconf 90' lang='lat' dir='ltr'>Adam</span> <span class='ocrx_word' id='word_1_44' title='bbox 1184 638 1370 670; x_wconf 88' lang='lat' dir='ltr'>terrenus</span> <span class='ocrx_word' id='word_1_45' title='bbox 1405 631 1492 671; x_wconf 90' lang='lat' dir='ltr'>sine</span> <span class='ocrx_word' id='word_1_46' title='bbox 1539 632 1597 670; x_wconf 90' lang='lat' dir='ltr'>bi-</span> 
     </span>
     <span class='ocr_line' id='line_1_7' title="bbox 271 699 1597 755; baseline 0.001 -15"><span class='ocrx_word' id='word_1_47' title='bbox 271 701 411 755; x_wconf 87' lang='lat' dir='ltr'>gamia</span> <span class='ocrx_word' id='word_1_48' title='bbox 441 700 588 740; x_wconf 84' lang='lat' dir='ltr'>habuit</span> <span class='ocrx_word' id='word_1_49' title='bbox 621 699 796 739; x_wconf 87' lang='lat' dir='ltr'>unicam</span> <span class='ocrx_word' id='word_1_50' title='bbox 841 713 1044 752; x_wconf 80' lang='lat' dir='ltr'>sponsam</span> <span class='ocrx_word' id='word_1_51' title='bbox 1077 699 1306 752; x_wconf 79' lang='lat' dir='ltr'>carnaliter,</span> <span class='ocrx_word' id='word_1_52' title='bbox 1347 701 1404 741; x_wconf 91' lang='lat' dir='ltr'>sic</span> <span class='ocrx_word' id='word_1_53' title='bbox 1450 715 1597 741; x_wconf 88' lang='lat' dir='ltr'>secun-</span> 
     </span>
     <span class='ocr_line' id='line_1_8' title="bbox 273 769 1601 822; baseline 0.002 -12"><span class='ocrx_word' id='word_1_54' title='bbox 273 772 350 811; x_wconf 91' lang='lat' dir='ltr'>dus</span> <span class='ocrx_word' id='word_1_55' title='bbox 394 771 534 811; x_wconf 89' lang='lat' dir='ltr'>Adam</span> <span class='ocrx_word' id='word_1_56' title='bbox 578 770 666 810; x_wconf 89' lang='lat' dir='ltr'>sine</span> <span class='ocrx_word' id='word_1_57' title='bbox 712 770 894 822; x_wconf 77' lang='lat' dir='ltr'>bigamia</span> <span class='ocrx_word' id='word_1_58' title='bbox 946 769 1134 822; x_wconf 90' lang='lat' dir='ltr'>possibili</span> <span class='ocrx_word' id='word_1_59' title='bbox 1186 771 1420 811; x_wconf 88' lang='lat' dir='ltr'>necessario</span> <span class='ocrx_word' id='word_1_60' title='bbox 1475 772 1601 813; x_wconf 90' lang='lat' dir='ltr'>habet</span> 
     </span>
     <span class='ocr_line' id='line_1_9' title="bbox 271 841 1599 895; baseline -0.001 -12"><span class='ocrx_word' id='word_1_61' title='bbox 271 842 440 883; x_wconf 87' lang='lat' dir='ltr'>unicam</span> <span class='ocrx_word' id='word_1_62' title='bbox 489 856 691 895; x_wconf 83' lang='lat' dir='ltr'>sponsam</span> <span class='ocrx_word' id='word_1_63' title='bbox 737 841 1019 895; x_wconf 86' lang='lat' dir='ltr'>spiritualiter.</span> <span class='ocrx_word' id='word_1_64' title='bbox 1066 841 1118 880; x_wconf 83' lang='lat' dir='ltr'>Et</span> <span class='ocrx_word' id='word_1_65' title='bbox 1163 841 1282 881; x_wconf 88' lang='lat' dir='ltr'>illum</span> <span class='ocrx_word' id='word_1_66' title='bbox 1324 855 1497 882; x_wconf 87' lang='lat' dir='ltr'>sensum</span> <span class='ocrx_word' id='word_1_67' title='bbox 1531 857 1599 882; x_wconf 84' lang='lat' dir='ltr'>ex-</span> 
     </span>
     <span class='ocr_line' id='line_1_10' title="bbox 271 911 1599 967; baseline 0.001 -15"><span class='ocrx_word' id='word_1_68' title='bbox 271 913 393 967; x_wconf 85' lang='lat' dir='ltr'>ponit</span> <span class='ocrx_word' id='word_1_69' title='bbox 426 913 644 966; x_wconf 89' lang='lat' dir='ltr'>apostolus</span> <span class='ocrx_word' id='word_1_70' title='bbox 678 927 726 952; x_wconf 85' lang='lat' dir='ltr'>ex</span> <span class='ocrx_word' id='word_1_71' title='bbox 761 912 962 965; x_wconf 89' lang='lat' dir='ltr'>scriptura</span> <span class='ocrx_word' id='word_1_72' title='bbox 997 911 1147 951; x_wconf 83' lang='lat' dir='ltr'>Genes.</span> <span class='ocrx_word' id='word_1_73' title='bbox 1182 911 1252 962; x_wconf 84' lang='lat'>11⁰,</span> <span class='ocrx_word' id='word_1_74' title='bbox 1284 924 1350 963; x_wconf 77' lang='lat'>24,</span> <span class='ocrx_word' id='word_1_75' title='bbox 1395 922 1441 952; x_wconf 88' lang='lat' dir='ltr'>ut</span> <span class='ocrx_word' id='word_1_76' title='bbox 1486 922 1599 966; x_wconf 88' lang='lat' dir='ltr'>patet</span> 
     </span>
     <span class='ocr_line' id='line_1_11' title="bbox 219 981 1452 1036; baseline 0 -14"><span class='ocrx_word' id='word_1_77' title='bbox 219 1006 257 1027; x_wconf 79' lang='lat'>10</span> <span class='ocrx_word' id='word_1_78' title='bbox 272 985 322 1023; x_wconf 85' lang='lat' dir='ltr'>ad</span> <span class='ocrx_word' id='word_1_79' title='bbox 355 983 561 1036; x_wconf 87' lang='lat' dir='ltr'>Ephesios</span> <span class='ocrx_word' id='word_1_80' title='bbox 594 982 666 1035; x_wconf 78' lang='lat' dir='ltr'>VO,</span> <span class='ocrx_word' id='word_1_81' title='bbox 702 981 768 1034; x_wconf 84' lang='lat'>31,</span> <span class='ocrx_word' id='word_1_82' title='bbox 802 983 852 1022; x_wconf 92' lang='lat' dir='ltr'>de</span> <span class='ocrx_word' id='word_1_83' title='bbox 886 981 1053 1022; x_wconf 84' lang='lat' dir='ltr'>Christo</span> <span class='ocrx_word' id='word_1_84' title='bbox 1088 990 1126 1022; x_wconf 86' lang='lat' dir='ltr'>et</span> <span class='ocrx_word' id='word_1_85' title='bbox 1159 995 1232 1021; x_wconf 88' lang='lat' dir='ltr'>sua</span> <span class='ocrx_word' id='word_1_86' title='bbox 1269 982 1452 1022; x_wconf 89' lang='lat' dir='ltr'>ecclesia.</span> 
     </span>
     <span class='ocr_line' id='line_1_12' title="bbox 330 1052 1599 1106; baseline 0.002 -13"><span class='ocrx_word' id='word_1_87' title='bbox 330 1054 453 1094; x_wconf 82' lang='lat' dir='ltr'>Unde</span> <span class='ocrx_word' id='word_1_88' title='bbox 485 1053 595 1093; x_wconf 90' lang='lat' dir='ltr'>racio</span> <span class='ocrx_word' id='word_1_89' title='bbox 617 1061 757 1106; x_wconf 89' lang='lat' dir='ltr'>potest</span> <span class='ocrx_word' id='word_1_90' title='bbox 780 1052 871 1106; x_wconf 87' lang='lat' dir='ltr'>capi</span> <span class='ocrx_word' id='word_1_91' title='bbox 896 1053 946 1092; x_wconf 89' lang='lat' dir='ltr'>de</span> <span class='ocrx_word' id='word_1_92' title='bbox 970 1061 1083 1092; x_wconf 84' lang='lat' dir='ltr'>textu</span> <span class='ocrx_word' id='word_1_93' title='bbox 1107 1052 1290 1105; x_wconf 88' lang='lat' dir='ltr'>apostoli</span> <span class='ocrx_word' id='word_1_94' title='bbox 1314 1053 1361 1092; x_wconf 63' lang='lat'>12¹.</span> <span class='ocrx_word' id='word_1_95' title='bbox 1383 1053 1599 1095; x_wconf 86' lang='lat' dir='ltr'>Timothei</span> 
     </span>
     <span class='ocr_line' id='line_1_13' title="bbox 272 1123 1601 1177; baseline 0.001 -13"><span class='ocrx_word' id='word_1_96' title='bbox 272 1125 358 1176; x_wconf 85' lang='lat'>1110,</span> <span class='ocrx_word' id='word_1_97' title='bbox 394 1136 430 1175; x_wconf 86' lang='lat'>2,</span> <span class='ocrx_word' id='word_1_98' title='bbox 465 1133 504 1163; x_wconf 89' lang='lat' dir='ltr'>et</span> <span class='ocrx_word' id='word_1_99' title='bbox 535 1124 587 1163; x_wconf 89' lang='lat' dir='ltr'>ad</span> <span class='ocrx_word' id='word_1_100' title='bbox 606 1123 755 1163; x_wconf 86' lang='lat' dir='ltr'>Titum</span> <span class='ocrx_word' id='word_1_101' title='bbox 779 1123 830 1176; x_wconf 77' lang='lat'>10,</span> <span class='ocrx_word' id='word_1_102' title='bbox 863 1138 903 1177; x_wconf 83' lang='lat'>7,</span> <span class='ocrx_word' id='word_1_103' title='bbox 934 1123 1005 1162; x_wconf 91' lang='lat' dir='ltr'>ubi</span> <span class='ocrx_word' id='word_1_104' title='bbox 1040 1137 1088 1162; x_wconf 87' lang='lat' dir='ltr'>ex</span> <span class='ocrx_word' id='word_1_105' title='bbox 1120 1123 1201 1163; x_wconf 91' lang='lat' dir='ltr'>isto</span> <span class='ocrx_word' id='word_1_106' title='bbox 1226 1123 1506 1164; x_wconf 87' lang='lat' dir='ltr'>fundamento</span> <span class='ocrx_word' id='word_1_107' title='bbox 1532 1126 1601 1166; x_wconf 90' lang='lat' dir='ltr'>dat</span> 
     </span>
     <span class='ocr_line' id='line_1_14' title="bbox 271 1195 1603 1248; baseline 0.002 -14"><span class='ocrx_word' id='word_1_108' title='bbox 271 1196 423 1247; x_wconf 85' lang='lat' dir='ltr'>legem,</span> <span class='ocrx_word' id='word_1_109' title='bbox 457 1195 573 1248; x_wconf 84' lang='lat' dir='ltr'>quod</span> <span class='ocrx_word' id='word_1_110' title='bbox 606 1200 774 1246; x_wconf 78' lang='lat' dir='ltr'>oportet</span> <span class='ocrx_word' id='word_1_111' title='bbox 806 1202 893 1234; x_wconf 90' lang='lat' dir='ltr'>tam</span> <span class='ocrx_word' id='word_1_112' title='bbox 927 1196 1175 1247; x_wconf 76' lang='lat' dir='ltr'>episcopum</span> <span class='ocrx_word' id='word_1_113' title='bbox 1210 1208 1341 1247; x_wconf 84' lang='lat' dir='ltr'>quam</span> <span class='ocrx_word' id='word_1_114' title='bbox 1371 1195 1603 1236; x_wconf 90' lang='lat' dir='ltr'>diaconum</span> 
     </span>
     <span class='ocr_line' id='line_1_15' title="bbox 272 1264 1601 1318; baseline 0.001 -13"><span class='ocrx_word' id='word_1_115' title='bbox 272 1279 363 1305; x_wconf 74' lang='lat' dir='ltr'>esse</span> <span class='ocrx_word' id='word_1_116' title='bbox 387 1266 514 1304; x_wconf 81' lang='lat' dir='ltr'>unius</span> <span class='ocrx_word' id='word_1_117' title='bbox 536 1266 689 1305; x_wconf 72' lang='lat' dir='ltr'>uxoris</span> <span class='ocrx_word' id='word_1_118' title='bbox 711 1265 866 1306; x_wconf 74' lang='lat' dir='ltr'>virum.</span> <span class='ocrx_word' id='word_1_119' title='bbox 892 1264 1074 1318; x_wconf 89' lang='lat' dir='ltr'>Oportet</span> <span class='ocrx_word' id='word_1_120' title='bbox 1095 1264 1208 1304; x_wconf 92' lang='lat' dir='ltr'>enim</span> <span class='ocrx_word' id='word_1_121' title='bbox 1225 1264 1379 1305; x_wconf 86' lang='lat' dir='ltr'>Christi</span> <span class='ocrx_word' id='word_1_122' title='bbox 1403 1266 1601 1306; x_wconf 88' lang='lat' dir='ltr'>clericum</span> 
     </span>
     <span class='ocr_line' id='line_1_16' title="bbox 221 1335 1601 1389; baseline 0.001 -15"><span class='ocrx_word' id='word_1_123' title='bbox 221 1348 254 1380; x_wconf 76' lang='lat'>15</span> <span class='ocrx_word' id='word_1_124' title='bbox 272 1336 313 1375; x_wconf 91' lang='lat' dir='ltr'>in</span> <span class='ocrx_word' id='word_1_125' title='bbox 346 1335 621 1389; x_wconf 86' lang='lat' dir='ltr'>monogamia</span> <span class='ocrx_word' id='word_1_126' title='bbox 654 1335 856 1389; x_wconf 80' lang='lat' dir='ltr'>consequi</span> <span class='ocrx_word' id='word_1_127' title='bbox 881 1343 1007 1388; x_wconf 88' lang='lat' dir='ltr'>caput</span> <span class='ocrx_word' id='word_1_128' title='bbox 1029 1348 1168 1375; x_wconf 91' lang='lat' dir='ltr'>suum.</span> <span class='ocrx_word' id='word_1_129' title='bbox 1205 1336 1328 1375; x_wconf 85' lang='lat' dir='ltr'>Unde</span> <span class='ocrx_word' id='word_1_130' title='bbox 1353 1336 1478 1376; x_wconf 91' lang='lat' dir='ltr'>credo</span> <span class='ocrx_word' id='word_1_131' title='bbox 1503 1351 1601 1377; x_wconf 90' lang='lat' dir='ltr'>cum</span> 
     </span>
     <span class='ocr_line' id='line_1_17' title="bbox 272 1405 1598 1459; baseline 0.001 -13"><span class='ocrx_word' id='word_1_132' title='bbox 272 1406 465 1446; x_wconf 85' lang='lat' dir='ltr'>decretali</span> <span class='ocrx_word' id='word_1_133' title='bbox 505 1405 615 1445; x_wconf 88' lang='lat' dir='ltr'>fideli</span> <span class='ocrx_word' id='word_1_134' title='bbox 656 1419 741 1445; x_wconf 88' lang='lat' dir='ltr'>non</span> <span class='ocrx_word' id='word_1_135' title='bbox 775 1405 878 1445; x_wconf 85' lang='lat' dir='ltr'>verti</span> <span class='ocrx_word' id='word_1_136' title='bbox 909 1405 953 1444; x_wconf 91' lang='lat' dir='ltr'>in</span> <span class='ocrx_word' id='word_1_137' title='bbox 988 1405 1168 1445; x_wconf 88' lang='lat' dir='ltr'>dubium</span> <span class='ocrx_word' id='word_1_138' title='bbox 1201 1405 1303 1459; x_wconf 86' lang='lat' dir='ltr'>quin</span> <span class='ocrx_word' id='word_1_139' title='bbox 1340 1405 1446 1446; x_wconf 91' lang='lat' dir='ltr'>foret</span> <span class='ocrx_word' id='word_1_140' title='bbox 1480 1408 1598 1447; x_wconf 88' lang='lat' dir='ltr'>here-</span> 
     </span>
     <span class='ocr_line' id='line_1_18' title="bbox 270 1476 1598 1531; baseline 0.001 -14"><span class='ocrx_word' id='word_1_141' title='bbox 270 1477 401 1518; x_wconf 87' lang='lat' dir='ltr'>ticum</span> <span class='ocrx_word' id='word_1_142' title='bbox 416 1477 679 1531; x_wconf 85' lang='lat' dir='ltr'>pertinaciter</span> <span class='ocrx_word' id='word_1_143' title='bbox 699 1491 846 1530; x_wconf 88' lang='lat' dir='ltr'>negare</span> <span class='ocrx_word' id='word_1_144' title='bbox 864 1477 979 1530; x_wconf 84' lang='lat' dir='ltr'>quod</span> <span class='ocrx_word' id='word_1_145' title='bbox 998 1476 1190 1516; x_wconf 88' lang='lat' dir='ltr'>Christus</span> <span class='ocrx_word' id='word_1_146' title='bbox 1214 1491 1395 1530; x_wconf 88' lang='lat' dir='ltr'>sponsus</span> <span class='ocrx_word' id='word_1_147' title='bbox 1415 1478 1598 1530; x_wconf 88' lang='lat' dir='ltr'>ecclesie,</span> 
     </span>
     <span class='ocr_line' id='line_1_19' title="bbox 272 1527 1599 1603; baseline 0.001 -15"><span class='ocrx_word' id='word_1_148' title='bbox 272 1563 400 1603; x_wconf 85' lang='lat' dir='ltr'>quem</span> <span class='ocrx_word' id='word_1_149' title='bbox 444 1548 639 1602; x_wconf 84' lang='lat' dir='ltr'>dignatus</span> <span class='ocrx_word' id='word_1_150' title='bbox 684 1556 744 1587; x_wconf 86' lang='lat' dir='ltr'>est</span> <span class='ocrx_word' id='word_1_151' title='bbox 775 1561 925 1587; x_wconf 89' lang='lat' dir='ltr'>vocare</span> <span class='ocrx_word' id='word_1_152' title='bbox 958 1527 1160 1600; x_wconf 52' lang='lat' dir='ltr'>s⁹ponsam</span> <span class='ocrx_word' id='word_1_153' title='bbox 1193 1561 1327 1599; x_wconf 86' lang='lat' dir='ltr'>suam,</span> <span class='ocrx_word' id='word_1_154' title='bbox 1362 1548 1414 1588; x_wconf 91' lang='lat' dir='ltr'>sit</span> <span class='ocrx_word' id='word_1_155' title='bbox 1447 1562 1599 1589; x_wconf 94' lang='lat' dir='ltr'>mono-</span> 
     </span>
     <span class='ocr_line' id='line_1_20' title="bbox 270 1617 1602 1673; baseline 0.002 -15"><span class='ocrx_word' id='word_1_156' title='bbox 270 1632 419 1673; x_wconf 84' lang='lat' dir='ltr'>gamus</span> <span class='ocrx_word' id='word_1_157' title='bbox 462 1618 628 1658; x_wconf 76' lang='lat' dir='ltr'>racione</span> <span class='ocrx_word' id='word_1_158' title='bbox 675 1618 846 1658; x_wconf 87' lang='lat' dir='ltr'>unitatis</span> <span class='ocrx_word' id='word_1_159' title='bbox 879 1617 1048 1658; x_wconf 90' lang='lat' dir='ltr'>ecclesie</span> <span class='ocrx_word' id='word_1_160' title='bbox 1082 1631 1237 1671; x_wconf 89' lang='lat' dir='ltr'>sponse</span> <span class='ocrx_word' id='word_1_161' title='bbox 1270 1632 1356 1658; x_wconf 84' lang='lat' dir='ltr'>sue.</span> <span class='ocrx_word' id='word_1_162' title='bbox 1404 1620 1457 1659; x_wconf 86' lang='lat' dir='ltr'>Et</span> <span class='ocrx_word' id='word_1_163' title='bbox 1489 1629 1602 1673; x_wconf 88' lang='lat' dir='ltr'>patet</span> 
     </span>
     <span class='ocr_line' id='line_1_21' title="bbox 214 1689 718 1733; baseline -0.002 -4"><span class='ocrx_word' id='word_1_164' title='bbox 214 1712 256 1733; x_wconf 81' lang='lat'>20</span> <span class='ocrx_word' id='word_1_165' title='bbox 271 1690 455 1729; x_wconf 91' lang='lat' dir='ltr'>secunda</span> <span class='ocrx_word' id='word_1_166' title='bbox 488 1689 718 1729; x_wconf 86' lang='lat' dir='ltr'>conclusio.</span> 
     </span>
     <span class='ocr_line' id='line_1_22' title="bbox 237 1759 1881 1813; baseline 0.001 -14"><span class='ocrx_word' id='word_1_167' title='bbox 237 1772 256 1805; x_wconf 87' lang='lat'>1</span> <span class='ocrx_word' id='word_1_168' title='bbox 329 1760 477 1799; x_wconf 81' lang='lat' dir='ltr'>Tereia</span> <span class='ocrx_word' id='word_1_169' title='bbox 509 1759 725 1800; x_wconf 90' lang='lat' dir='ltr'>conclusio</span> <span class='ocrx_word' id='word_1_170' title='bbox 759 1768 820 1799; x_wconf 89' lang='lat' dir='ltr'>est</span> <span class='ocrx_word' id='word_1_171' title='bbox 852 1760 970 1813; x_wconf 83' lang='lat' dir='ltr'>quod</span> <span class='ocrx_word' id='word_1_172' title='bbox 1003 1767 1116 1799; x_wconf 87' lang='lat' dir='ltr'>extra</span> <span class='ocrx_word' id='word_1_173' title='bbox 1149 1769 1337 1800; x_wconf 79' lang='lat' dir='ltr'>sanctam</span> <span class='ocrx_word' id='word_1_174' title='bbox 1382 1760 1600 1801; x_wconf 89' lang='lat' dir='ltr'>ecclesiam</span> <span class='ocrx_word' id='word_1_175' title='bbox 1634 1768 1730 1797; x_wconf 82' lang='lat' dir='ltr'>Third</span> <span class='ocrx_word' id='word_1_176' title='bbox 1753 1770 1881 1797; x_wconf 78' lang='lat' dir='ltr'>conclu—</span> 
     </span>
    </p>
   </div>
   <div class='ocr_carea' id='block_1_3' title="bbox 270 1805 1894 1885">
    <p class='ocr_par' dir='ltr' id='par_1_3' title="bbox 270 1805 1894 1885">
     <span class='ocr_line' id='line_1_23' title="bbox 270 1805 1894 1885; baseline 0.001 -15"><span class='ocrx_word' id='word_1_177' title='bbox 270 1831 521 1871; x_wconf 88' lang='lat' dir='ltr'>catholicam</span> <span class='ocrx_word' id='word_1_178' title='bbox 569 1845 656 1870; x_wconf 93' lang='lat' dir='ltr'>non</span> <span class='ocrx_word' id='word_1_179' title='bbox 700 1840 760 1871; x_wconf 90' lang='lat' dir='ltr'>est</span> <span class='ocrx_word' id='word_1_180' title='bbox 804 1831 915 1871; x_wconf 89' lang='lat' dir='ltr'>salus</span> <span class='ocrx_word' id='word_1_181' title='bbox 961 1832 1025 1870; x_wconf 83' lang='lat' dir='ltr'>vel</span> <span class='ocrx_word' id='word_1_182' title='bbox 1071 1831 1263 1871; x_wconf 87' lang='lat' dir='ltr'>remissio</span> <span class='ocrx_word' id='word_1_183' title='bbox 1314 1840 1595 1885; x_wconf 87' lang='lat' dir='ltr'>peccatorum.</span> <span class='ocrx_word' id='word_1_184' title='bbox 1614 1805 1894 1873; x_wconf 41' lang='lat' dir='ltr'>tliiOII-iloliDlljiilig</span> 
     </span>
    </p>
   </div>
   <div class='ocr_carea' id='block_1_4' title="bbox 183 1875 1897 2657">
    <p class='ocr_par' dir='ltr' id='par_1_4' title="bbox 183 1875 1897 2657">
     <span class='ocr_line' id='line_1_24' title="bbox 271 1875 1897 1961; baseline -0.001 -20"><span class='ocrx_word' id='word_1_185' title='bbox 271 1902 358 1941; x_wconf 87' lang='lat' dir='ltr'>Hec</span> <span class='ocrx_word' id='word_1_186' title='bbox 391 1910 452 1941; x_wconf 88' lang='lat' dir='ltr'>est</span> <span class='ocrx_word' id='word_1_187' title='bbox 485 1901 701 1941; x_wconf 88' lang='lat' dir='ltr'>conclusio</span> <span class='ocrx_word' id='word_1_188' title='bbox 734 1901 916 1954; x_wconf 82' lang='lat' dir='ltr'>predicte</span> <span class='ocrx_word' id='word_1_189' title='bbox 941 1901 1156 1942; x_wconf 88' lang='lat' dir='ltr'>decretalis</span> <span class='ocrx_word' id='word_1_190' title='bbox 1185 1902 1226 1940; x_wconf 90' lang='lat' dir='ltr'>in</span> <span class='ocrx_word' id='word_1_191' title='bbox 1258 1902 1446 1942; x_wconf 88' lang='lat' dir='ltr'>terminis</span> <span class='ocrx_word' id='word_1_192' title='bbox 1477 1902 1595 1941; x_wconf 87' lang='lat' dir='ltr'>cuius</span> <span class='ocrx_word' id='word_1_193' title='bbox 1612 1875 1650 1936; x_wconf 45' lang='lat' dir='ltr'>ils</span> <span class='ocrx_word' id='word_1_194' title='bbox 1667 1875 1897 1961; x_wconf 41' lang='lat' dir='ltr'>bgu{}i¹xi¹iieci1i</span> 
     </span>
     <span class='ocr_line' id='line_1_25' title="bbox 269 1948 1894 2026; baseline 0 -14"><span class='ocrx_word' id='word_1_195' title='bbox 269 1986 442 2012; x_wconf 89' lang='lat' dir='ltr'>sensum</span> <span class='ocrx_word' id='word_1_196' title='bbox 486 1972 661 2012; x_wconf 83' lang='lat' dir='ltr'>arbitror</span> <span class='ocrx_word' id='word_1_197' title='bbox 705 1986 792 2011; x_wconf 85' lang='lat' dir='ltr'>esse</span> <span class='ocrx_word' id='word_1_198' title='bbox 837 1972 887 2011; x_wconf 93' lang='lat' dir='ltr'>de</span> <span class='ocrx_word' id='word_1_199' title='bbox 932 1972 1064 2011; x_wconf 88' lang='lat' dir='ltr'>salute</span> <span class='ocrx_word' id='word_1_200' title='bbox 1107 1981 1310 2025; x_wconf 89' lang='lat' dir='ltr'>perpetua</span> <span class='ocrx_word' id='word_1_201' title='bbox 1354 1981 1451 2026; x_wconf 88' lang='lat' dir='ltr'>post</span> <span class='ocrx_word' id='word_1_202' title='bbox 1488 1972 1595 2012; x_wconf 89' lang='lat' dir='ltr'>hanc</span> <span class='ocrx_word' id='word_1_203' title='bbox 1611 1953 1641 1972; x_wconf 62' lang='lat' dir='ltr'>Ol</span> <span class='ocrx_word' id='word_1_204' title='bbox 1671 1953 1834 2008; x_wconf 51' lang='lat' dir='ltr'>iensiffiion</span> <span class='ocrx_word' id='word_1_205' title='bbox 1863 1948 1894 1973; x_wconf 46' lang='lat'>⁰1</span> 
     </span>
     <span class='ocr_line' id='line_1_26' title="bbox 214 2042 1595 2096; baseline -0.004 -10"><span class='ocrx_word' id='word_1_206' title='bbox 214 2053 251 2086; x_wconf 78' lang='lat'>25</span> <span class='ocrx_word' id='word_1_207' title='bbox 268 2044 411 2095; x_wconf 80' lang='lat' dir='ltr'>Vitam,</span> <span class='ocrx_word' id='word_1_208' title='bbox 457 2053 496 2084; x_wconf 93' lang='lat' dir='ltr'>et</span> <span class='ocrx_word' id='word_1_209' title='bbox 539 2043 590 2082; x_wconf 91' lang='lat' dir='ltr'>de</span> <span class='ocrx_word' id='word_1_210' title='bbox 634 2042 881 2083; x_wconf 90' lang='lat' dir='ltr'>remissione</span> <span class='ocrx_word' id='word_1_211' title='bbox 925 2042 1084 2095; x_wconf 89' lang='lat' dir='ltr'>peccati</span> <span class='ocrx_word' id='word_1_212' title='bbox 1118 2043 1333 2096; x_wconf 73' lang='lat' dir='ltr'>contracti,</span> <span class='ocrx_word' id='word_1_213' title='bbox 1380 2044 1475 2083; x_wconf 84' lang='lat' dir='ltr'>data</span> <span class='ocrx_word' id='word_1_214' title='bbox 1514 2043 1595 2082; x_wconf 86' lang='lat' dir='ltr'>vita</span> 
     </span>
     <span class='ocr_line' id='line_1_27' title="bbox 269 2112 1598 2167; baseline 0 -14"><span class='ocrx_word' id='word_1_215' title='bbox 269 2114 471 2167; x_wconf 83' lang='lat' dir='ltr'>spirituali</span> <span class='ocrx_word' id='word_1_216' title='bbox 505 2127 578 2167; x_wconf 90' lang='lat' dir='ltr'>per</span> <span class='ocrx_word' id='word_1_217' title='bbox 608 2112 806 2167; x_wconf 84' lang='lat' dir='ltr'>graciam.</span> <span class='ocrx_word' id='word_1_218' title='bbox 841 2113 892 2152; x_wconf 85' lang='lat' dir='ltr'>Et</span> <span class='ocrx_word' id='word_1_219' title='bbox 924 2121 1025 2152; x_wconf 90' lang='lat' dir='ltr'>tunc</span> <span class='ocrx_word' id='word_1_220' title='bbox 1058 2112 1276 2152; x_wconf 88' lang='lat' dir='ltr'>conclusio</span> <span class='ocrx_word' id='word_1_221' title='bbox 1310 2113 1502 2166; x_wconf 84' lang='lat' dir='ltr'>proxima</span> <span class='ocrx_word' id='word_1_222' title='bbox 1525 2127 1598 2166; x_wconf 88' lang='lat' dir='ltr'>per</span> 
     </span>
     <span class='ocr_line' id='line_1_28' title="bbox 269 2182 1599 2237; baseline 0 -14"><span class='ocrx_word' id='word_1_223' title='bbox 269 2198 310 2223; x_wconf 90' lang='lat' dir='ltr'>se</span> <span class='ocrx_word' id='word_1_224' title='bbox 344 2193 404 2223; x_wconf 86' lang='lat' dir='ltr'>est</span> <span class='ocrx_word' id='word_1_225' title='bbox 436 2192 555 2224; x_wconf 85' lang='lat' dir='ltr'>nota:</span> <span class='ocrx_word' id='word_1_226' title='bbox 603 2183 702 2237; x_wconf 85' lang='lat' dir='ltr'>quia</span> <span class='ocrx_word' id='word_1_227' title='bbox 739 2197 866 2223; x_wconf 91' lang='lat' dir='ltr'>nemo</span> <span class='ocrx_word' id='word_1_228' title='bbox 900 2191 1040 2236; x_wconf 89' lang='lat' dir='ltr'>potest</span> <span class='ocrx_word' id='word_1_229' title='bbox 1072 2182 1223 2222; x_wconf 92' lang='lat' dir='ltr'>habere</span> <span class='ocrx_word' id='word_1_230' title='bbox 1256 2183 1385 2223; x_wconf 87' lang='lat' dir='ltr'>talem</span> <span class='ocrx_word' id='word_1_231' title='bbox 1417 2184 1599 2223; x_wconf 88' lang='lat' dir='ltr'>salutem</span> 
     </span>
     <span class='ocr_line' id='line_1_29' title="bbox 269 2252 1597 2307; baseline 0.001 -15"><span class='ocrx_word' id='word_1_232' title='bbox 269 2253 345 2292; x_wconf 91' lang='lat' dir='ltr'>nisi</span> <span class='ocrx_word' id='word_1_233' title='bbox 379 2255 442 2293; x_wconf 78' lang='lat' dir='ltr'>vel</span> <span class='ocrx_word' id='word_1_234' title='bbox 478 2253 669 2294; x_wconf 87' lang='lat' dir='ltr'>Christus</span> <span class='ocrx_word' id='word_1_235' title='bbox 701 2253 766 2293; x_wconf 86' lang='lat' dir='ltr'>vel</span> <span class='ocrx_word' id='word_1_236' title='bbox 813 2253 987 2307; x_wconf 84' lang='lat' dir='ltr'>aliquod</span> <span class='ocrx_word' id='word_1_237' title='bbox 1019 2252 1106 2292; x_wconf 92' lang='lat' dir='ltr'>eius</span> <span class='ocrx_word' id='word_1_238' title='bbox 1139 2253 1395 2305; x_wconf 81' lang='lat' dir='ltr'>membrum,</span> <span class='ocrx_word' id='word_1_239' title='bbox 1442 2254 1515 2293; x_wconf 89' lang='lat' dir='ltr'>sed</span> <span class='ocrx_word' id='word_1_240' title='bbox 1548 2267 1597 2293; x_wconf 91' lang='lat' dir='ltr'>eo</span> 
     </span>
     <span class='ocr_line' id='line_1_30' title="bbox 268 2322 1596 2378; baseline -0.001 -15"><span class='ocrx_word' id='word_1_241' title='bbox 268 2323 362 2376; x_wconf 91' lang='lat' dir='ltr'>ipso</span> <span class='ocrx_word' id='word_1_242' title='bbox 395 2325 512 2378; x_wconf 78' lang='lat' dir='ltr'>quod</span> <span class='ocrx_word' id='word_1_243' title='bbox 545 2323 601 2363; x_wconf 90' lang='lat' dir='ltr'>sic</span> <span class='ocrx_word' id='word_1_244' title='bbox 634 2332 694 2363; x_wconf 91' lang='lat' dir='ltr'>est</span> <span class='ocrx_word' id='word_1_245' title='bbox 716 2322 823 2362; x_wconf 85' lang='lat' dir='ltr'>infra</span> <span class='ocrx_word' id='word_1_246' title='bbox 846 2322 1076 2376; x_wconf 84' lang='lat' dir='ltr'>predictam</span> <span class='ocrx_word' id='word_1_247' title='bbox 1100 2323 1337 2364; x_wconf 86' lang='lat' dir='ltr'>ecclesiam:</span> <span class='ocrx_word' id='word_1_248' title='bbox 1372 2337 1471 2377; x_wconf 85' lang='lat' dir='ltr'>ergo</span> <span class='ocrx_word' id='word_1_249' title='bbox 1496 2337 1596 2363; x_wconf 90' lang='lat' dir='ltr'>con-</span> 
     </span>
     <span class='ocr_line' id='line_1_31' title="bbox 214 2382 1118 2446; baseline 0 -11"><span class='ocrx_word' id='word_1_250' title='bbox 214 2393 422 2445; x_wconf 79' lang='lat' dir='ltr'>30clusio;</span> <span class='ocrx_word' id='word_1_251' title='bbox 458 2401 497 2433; x_wconf 88' lang='lat' dir='ltr'>et</span> <span class='ocrx_word' id='word_1_252' title='bbox 528 2394 580 2433; x_wconf 90' lang='lat' dir='ltr'>ad</span> <span class='ocrx_word' id='word_1_253' title='bbox 611 2393 692 2433; x_wconf 92' lang='lat' dir='ltr'>hoc</span> <span class='ocrx_word' id='word_1_254' title='bbox 721 2382 881 2433; x_wconf 62' lang='lat' dir='ltr'>xiadunt</span> <span class='ocrx_word' id='word_1_255' title='bbox 913 2393 1118 2446; x_wconf 84' lang='lat' dir='ltr'>exempla.</span> 
     </span>
     <span class='ocr_line' id='line_1_32' title="bbox 232 2463 1596 2517; baseline -0.001 -14"><span class='ocrx_word' id='word_1_256' title='bbox 232 2483 257 2507; x_wconf 78' lang='lat' dir='ltr'>a</span> <span class='ocrx_word' id='word_1_257' title='bbox 329 2463 444 2503; x_wconf 82' lang='lat' dir='ltr'>Sicut</span> <span class='ocrx_word' id='word_1_258' title='bbox 477 2464 590 2503; x_wconf 89' lang='lat' dir='ltr'>enim</span> <span class='ocrx_word' id='word_1_259' title='bbox 619 2473 707 2503; x_wconf 90' lang='lat' dir='ltr'>tota</span> <span class='ocrx_word' id='word_1_260' title='bbox 730 2464 891 2517; x_wconf 86' lang='lat' dir='ltr'>generis</span> <span class='ocrx_word' id='word_1_261' title='bbox 914 2463 1089 2504; x_wconf 89' lang='lat' dir='ltr'>humani</span> <span class='ocrx_word' id='word_1_262' title='bbox 1113 2463 1333 2517; x_wconf 89' lang='lat' dir='ltr'>posteritas</span> <span class='ocrx_word' id='word_1_263' title='bbox 1357 2463 1434 2503; x_wconf 88' lang='lat' dir='ltr'>fuit</span> <span class='ocrx_word' id='word_1_264' title='bbox 1457 2464 1596 2516; x_wconf 89' lang='lat' dir='ltr'>primo</span> 
     </span>
     <span class='ocr_line' id='line_1_33' title="bbox 183 2534 1595 2587; baseline -0.002 -11"><span class='ocrx_word' id='word_1_265' title='bbox 183 2548 258 2587; x_wconf 67' lang='lat'>1290</span> <span class='ocrx_word' id='word_1_266' title='bbox 270 2534 497 2574; x_wconf 85' lang='lat' dir='ltr'>virtualiter</span> <span class='ocrx_word' id='word_1_267' title='bbox 519 2543 558 2574; x_wconf 90' lang='lat' dir='ltr'>et</span> <span class='ocrx_word' id='word_1_268' title='bbox 580 2534 846 2574; x_wconf 89' lang='lat' dir='ltr'>materialiter</span> <span class='ocrx_word' id='word_1_269' title='bbox 868 2534 910 2573; x_wconf 90' lang='lat' dir='ltr'>in</span> <span class='ocrx_word' id='word_1_270' title='bbox 933 2534 1072 2587; x_wconf 92' lang='lat' dir='ltr'>primo</span> <span class='ocrx_word' id='word_1_271' title='bbox 1097 2534 1248 2574; x_wconf 91' lang='lat' dir='ltr'>carnali</span> <span class='ocrx_word' id='word_1_272' title='bbox 1272 2534 1513 2587; x_wconf 57' lang='lat' dir='ltr'>coniugioss,</span> <span class='ocrx_word' id='word_1_273' title='bbox 1539 2534 1595 2574; x_wconf 90' lang='lat' dir='ltr'>sic</span> 
     </span>
     <span class='ocr_line' id='line_1_34' title="bbox 271 2604 1593 2657; baseline -0.001 -14"><span class='ocrx_word' id='word_1_274' title='bbox 271 2613 358 2643; x_wconf 90' lang='lat' dir='ltr'>tota</span> <span class='ocrx_word' id='word_1_275' title='bbox 391 2604 716 2644; x_wconf 87' lang='lat' dir='ltr'>christianorum</span> <span class='ocrx_word' id='word_1_276' title='bbox 755 2605 976 2657; x_wconf 87' lang='lat' dir='ltr'>posteritas</span> <span class='ocrx_word' id='word_1_277' title='bbox 1015 2614 1075 2644; x_wconf 88' lang='lat' dir='ltr'>est</span> <span class='ocrx_word' id='word_1_278' title='bbox 1107 2604 1337 2645; x_wconf 85' lang='lat' dir='ltr'>virtualiter</span> <span class='ocrx_word' id='word_1_279' title='bbox 1358 2604 1401 2643; x_wconf 90' lang='lat' dir='ltr'>in</span> <span class='ocrx_word' id='word_1_280' title='bbox 1425 2604 1593 2644; x_wconf 86' lang='lat' dir='ltr'>Christo</span> 
     </span>
    </p>
   </div>
   <div class='ocr_carea' id='block_1_5' title="bbox 269 2763 1595 2939">
    <p class='ocr_par' dir='ltr' id='par_1_5' title="bbox 269 2763 1595 2939">
     <span class='ocr_line' id='line_1_35' title="bbox 327 2763 1594 2799; baseline 0.002 -9"><span class='ocrx_word' id='word_1_281' title='bbox 327 2771 352 2790; x_wconf 84' lang='lat'>2.</span> <span class='ocrx_word' id='word_1_282' title='bbox 374 2763 412 2791; x_wconf 91' lang='lat' dir='ltr'>B:</span> <span class='ocrx_word' id='word_1_283' title='bbox 432 2763 501 2791; x_wconf 84' lang='lat' dir='ltr'>Joh.</span> <span class='ocrx_word' id='word_1_284' title='bbox 524 2764 559 2798; x_wconf 73' lang='lat'>8;</span> <span class='ocrx_word' id='word_1_285' title='bbox 581 2765 610 2791; x_wconf 90' lang='lat' dir='ltr'>in</span> <span class='ocrx_word' id='word_1_286' title='bbox 632 2772 735 2799; x_wconf 76' lang='lat' dir='ltr'>marg:</span> <span class='ocrx_word' id='word_1_287' title='bbox 756 2765 823 2792; x_wconf 85' lang='lat' dir='ltr'>Joh.</span> <span class='ocrx_word' id='word_1_288' title='bbox 846 2765 872 2793; x_wconf 86' lang='lat'>8.</span> <span class='ocrx_word' id='word_1_289' title='bbox 892 2765 960 2792; x_wconf 90' lang='lat' dir='ltr'>Joh.</span> <span class='ocrx_word' id='word_1_290' title='bbox 982 2773 1022 2792; x_wconf 91' lang='lat'>10.</span> <span class='ocrx_word' id='word_1_291' title='bbox 1099 2773 1207 2792; x_wconf 84' lang='lat'>10—12.</span> <span class='ocrx_word' id='word_1_292' title='bbox 1231 2764 1251 2791; x_wconf 78' lang='lat' dir='ltr'>B</span> <span class='ocrx_word' id='word_1_293' title='bbox 1269 2765 1299 2792; x_wconf 88' lang='lat' dir='ltr'>in</span> <span class='ocrx_word' id='word_1_294' title='bbox 1316 2772 1418 2799; x_wconf 80' lang='lat' dir='ltr'>marg:</span> <span class='ocrx_word' id='word_1_295' title='bbox 1441 2764 1519 2799; x_wconf 78' lang='lat' dir='ltr'>Epli.</span> <span class='ocrx_word' id='word_1_296' title='bbox 1535 2764 1594 2793; x_wconf 82' lang='lat'>5.1.</span> 
     </span>
     <span class='ocr_line' id='line_1_36' title="bbox 269 2809 1595 2847; baseline 0.001 -10"><span class='ocrx_word' id='word_1_297' title='bbox 269 2809 353 2838; x_wconf 87' lang='lat' dir='ltr'>Tim.</span> <span class='ocrx_word' id='word_1_298' title='bbox 375 2809 389 2837; x_wconf 87' lang='lat'>3</span> <span class='ocrx_word' id='word_1_299' title='bbox 409 2815 436 2838; x_wconf 87' lang='lat' dir='ltr'>et</span> <span class='ocrx_word' id='word_1_300' title='bbox 456 2811 493 2837; x_wconf 85' lang='lat' dir='ltr'>ad</span> <span class='ocrx_word' id='word_1_301' title='bbox 514 2810 619 2838; x_wconf 78' lang='lat' dir='ltr'>Titum</span> <span class='ocrx_word' id='word_1_302' title='bbox 642 2819 661 2838; x_wconf 93' lang='lat'>1.</span> <span class='ocrx_word' id='word_1_303' title='bbox 744 2819 782 2839; x_wconf 78' lang='lat'>21.</span> <span class='ocrx_word' id='word_1_304' title='bbox 803 2813 831 2839; x_wconf 90' lang='lat' dir='ltr'><strong>A</strong></span> <span class='ocrx_word' id='word_1_305' title='bbox 845 2812 865 2838; x_wconf 76' lang='lat' dir='ltr'>B</span> <span class='ocrx_word' id='word_1_306' title='bbox 887 2811 916 2839; x_wconf 84' lang='lat' dir='ltr'>iu</span> <span class='ocrx_word' id='word_1_307' title='bbox 939 2820 1043 2847; x_wconf 79' lang='lat' dir='ltr'>marg:</span> <span class='ocrx_word' id='word_1_308' title='bbox 1065 2811 1178 2839; x_wconf 83' lang='lat' dir='ltr'>Tereia</span> <span class='ocrx_word' id='word_1_309' title='bbox 1198 2812 1369 2839; x_wconf 85' lang='lat' dir='ltr'>conclusio.</span> <span class='ocrx_word' id='word_1_310' title='bbox 1391 2812 1418 2839; x_wconf 90' lang='lat' dir='ltr'><strong>A</strong></span> <span class='ocrx_word' id='word_1_311' title='bbox 1439 2811 1469 2838; x_wconf 89' lang='lat' dir='ltr'>in</span> <span class='ocrx_word' id='word_1_312' title='bbox 1490 2819 1595 2845; x_wconf 80' lang='lat' dir='ltr'>marg:</span> 
     </span>
     <span class='ocr_line' id='line_1_37' title="bbox 269 2855 1592 2893; baseline -0.001 -9"><span class='ocrx_word' id='word_1_313' title='bbox 269 2855 362 2884; x_wconf 86' lang='lat' dir='ltr'>Extra</span> <span class='ocrx_word' id='word_1_314' title='bbox 389 2862 528 2885; x_wconf 85' lang='lat' dir='ltr'>sanctam</span> <span class='ocrx_word' id='word_1_315' title='bbox 556 2858 720 2885; x_wconf 81' lang='lat' dir='ltr'>ecclesiam</span> <span class='ocrx_word' id='word_1_316' title='bbox 747 2858 928 2886; x_wconf 82' lang='lat' dir='ltr'>catholicam</span> <span class='ocrx_word' id='word_1_317' title='bbox 960 2866 1022 2885; x_wconf 86' lang='lat' dir='ltr'>non</span> <span class='ocrx_word' id='word_1_318' title='bbox 1045 2864 1089 2886; x_wconf 85' lang='lat' dir='ltr'>est</span> <span class='ocrx_word' id='word_1_319' title='bbox 1111 2858 1192 2886; x_wconf 86' lang='lat' dir='ltr'>salus</span> <span class='ocrx_word' id='word_1_320' title='bbox 1214 2858 1260 2885; x_wconf 82' lang='lat' dir='ltr'>vel</span> <span class='ocrx_word' id='word_1_321' title='bbox 1282 2857 1426 2886; x_wconf 85' lang='lat' dir='ltr'>remissio</span> <span class='ocrx_word' id='word_1_322' title='bbox 1449 2861 1592 2893; x_wconf 78' lang='lat' dir='ltr'>peccato-</span> 
     </span>
     <span class='ocr_line' id='line_1_38' title="bbox 270 2904 1018 2939; baseline 0.004 -10"><span class='ocrx_word' id='word_1_323' title='bbox 270 2911 338 2930; x_wconf 85' lang='lat' dir='ltr'>rum</span> <span class='ocrx_word' id='word_1_324' title='bbox 359 2904 470 2938; x_wconf 87' lang='lat' dir='ltr'>(below</span> <span class='ocrx_word' id='word_1_325' title='bbox 496 2904 552 2932; x_wconf 88' lang='lat' dir='ltr'>col.</span> <span class='ocrx_word' id='word_1_326' title='bbox 575 2905 667 2939; x_wconf 67' lang='lat'>1291’).</span> <span class='ocrx_word' id='word_1_327' title='bbox 775 2912 820 2939; x_wconf 74' lang='lat'>24.</span> <span class='ocrx_word' id='word_1_328' title='bbox 841 2905 877 2932; x_wconf 80' lang='lat' dir='ltr'>B:</span> <span class='ocrx_word' id='word_1_329' title='bbox 901 2905 1018 2933; x_wconf 85' lang='lat' dir='ltr'>arbitri.</span> 
     </span>
    </p>
   </div>
  </div>
 </body>
</html>
