2045 3312
305 266 394 295 CAP.
416 261 512 309 xm]
799 269 858 300 DE
886 268 1121 300 ECCLESIA.
1832 267 1913 306 279

152 389 182 422 O
212 389 433 430 168⁸quam
467 376 762 417 condicionem
794 374 889 414 licet
912 382 1080 427 oportet
1112 372 1356 425 intelligere,
1390 380 1531 411 tamen
1554 371 1623 410 illa
1638 379 1913 450 {Ifficslicboenffiffiifi

305 462 495 501 expressa
527 446 632 486 foret
665 444 997 485 contencionum
1034 442 1222 496 plurium
1255 441 1438 481 sedativa
1471 450 1510 481 et
1542 440 1622 480 dis·
1673 450 1878 483 understood,

304 517 533 571 posicionis
565 516 660 570 plus
693 514 829 567 vigilis
853 514 1063 554 causativa
1091 522 1131 554 et
1162 513 1219 552 sic
1251 511 1419 552 racione
1452 485 1912 556 hu1nifi-b21ut‘erw‘3ffllfre22-

303 587 398 627 tatis
431 586 539 627 foret
576 585 711 639 magis
749 584 958 625 autentica
996 593 1035 624 et
1073 583 1241 624 racione
1273 580 1570 622 declinacionis
1602 595 1625 620 a
1753 555 1800 583 ω’

270 658 384 702 §ritu
417 656 562 710 gentili
594 657 646 696 ad
678 655 926 708 religionem
955 653 1111 694 Christi
1144 653 1251 693 foret
1281 653 1377 706 plus
1411 650 1625 691 meritoria

304 737 343 768 et
374 728 539 768 racione
571 726 702 780 pluris
735 725 930 766 adiutorii
963 724 1058 778 plus
1091 736 1247 764 secura.
1288 723 1342 763 Et
1372 722 1429 762 ita
1460 721 1625 761 videtur

302 797 572 851 presumpcio
620 797 737 850 quod
760 796 853 850 quis
876 795 1033 849 obliget
1054 794 1225 833 heredes
1248 807 1348 833 suos
1381 791 1625 845 simpliciter

302 869 353 908 ad
387 867 761 908 continuacionem
792 865 884 906 talis
918 864 1162 915 elemosine,
1197 877 1296 903 cum
1328 876 1415 902 non
1438 861 1624 902 subiacet

209 949 286 982 {58¹³
301 938 498 993 potestati
515 951 587 978 sue
601 936 840 991 dignificare
855 949 1134 990 quoscunque
1148 932 1283 975 talesss
1293 932 1623 984 elemosinarios,

248 1031 286 1053 10
303 1023 379 1049 nec
401 1017 541 1062 potest
563 1008 747 1061 obligare
771 1021 813 1047 se
835 1007 978 1060 ipsum
1010 1006 1075 1046 vel
1098 1005 1229 1046 alium
1252 1005 1304 1044 ad
1326 1003 1624 1058 premiandum

301 1079 513 1132 indignos,
537 1092 636 1119 cum
657 1078 776 1118 heres
799 1078 894 1131 plus
918 1076 1128 1129 obligatur
1150 1074 1311 1115 veritati
1334 1088 1357 1114 a
1379 1088 1463 1128 qua
1485 1086 1559 1127 per
1581 1086 1622 1112 se

301 1151 411 1204 capit
456 1149 745 1199 hereditatem,
789 1161 920 1202 quam
963 1147 1069 1200 patri
1119 1145 1272 1186 carnali
1315 1159 1338 1184 a
1377 1158 1463 1198 quo
1513 1143 1623 1197 capit

302 1221 444 1262 solum
474 1233 548 1273 per
580 1218 783 1259 accidens.
830 1218 883 1258 Et
913 1217 990 1257 hec
1023 1225 1084 1257 est
1113 1216 1227 1257 racio
1260 1228 1388 1269 quare
1421 1214 1623 1255 catholice

301 1291 452 1331 dicitur
489 1303 631 1343 regem
663 1288 814 1342 Anglie
846 1301 1011 1341 semper
1048 1300 1136 1327 esse
1174 1286 1280 1327 infra
1313 1294 1479 1337 etatem,
1524 1298 1623 1325 cum

248 1362 424 1405 15debet
458 1360 661 1413 corrigere
708 1372 865 1398 errores
903 1367 991 1398 tam
1030 1357 1093 1398 sui
1133 1371 1261 1411 quam
1299 1355 1623 1410 progenitorum

300 1445 491 1482 suorum,
533 1430 617 1470 sive
650 1443 698 1468 ex
730 1428 973 1482 ignorancia
1011 1428 1096 1467 sive
1129 1441 1176 1467 ex
1209 1424 1519 1466 inadvertencia
1550 1425 1621 1464 de-

301 1510 447 1554 ceptus
492 1500 633 1551 fuerit,
666 1499 783 1539 aliter
826 1498 939 1538 enim
983 1506 1250 1551 attemptaret
1293 1495 1515 1536 defendere
1558 1494 1620 1533 in-

299 1571 482 1611 iusticias
516 1579 661 1611 contra
684 1570 835 1609 Deum.
871 1569 968 1609 Ideo
1001 1568 1107 1608 absit
1129 1581 1207 1608 nos
1239 1566 1443 1620 inponere
1474 1564 1559 1619 regi
1583 1573 1622 1604 et

300 1657 429 1697 regno
452 1651 612 1682 tantam
646 1639 909 1680 demenciam
933 1648 979 1679 ut
1002 1638 1256 1678 inveteratus
1290 1637 1454 1677 dierum
1486 1636 1619 1676 malo-

243 1736 284 1756 20
300 1727 394 1753 rum
426 1712 665 1753 defenderet
687 1710 911 1764 antiquum
943 1723 1125 1749 errorem
1153 1718 1332 1749 tractum
1365 1708 1408 1747 in
1441 1722 1619 1748 consue-

299 1784 505 1833 tudinem,
530 1795 627 1823 cum
649 1781 884 1821 secundum
908 1780 1136 1832 decretum,
1160 1779 1386 1832 allegatum
1410 1779 1486 1818 X10
1509 1784 1621 1832 cap0,

300 1867 428 1894 error
459 1854 528 1893 cui
567 1865 652 1892 non
691 1852 904 1892 resistitur
938 1849 1221 1903 approbatur.
1276 1849 1329 1888 Et
1366 1857 1481 1901 patet
1520 1861 1620 1887 con-

300 1924 495 1964 sideranti
529 1922 732 1963 attencius
766 1921 986 1975 quomodo
1009 1920 1148 1960 omnis
1173 1918 1404 1959 elemosina
1434 1918 1621 1958 humana

299 2003 447 2034 vocata
491 2002 694 2047 perpetua
736 2001 797 2031 est
841 1991 1004 2031 realiter
1047 2004 1095 2030 ex
1143 1990 1235 2041 lege
1267 1989 1344 2028 Dei
1390 1987 1619 2027 invincibili

245 2063 556 2117 25tcinporaliS,
602 2076 700 2102 cum
738 2071 906 2115 oportet
944 2060 1122 2100 omnino
1162 2059 1459 2100 condicionem
1490 2072 1621 2112 quam

300 2136 413 2174 Deus
447 2134 624 2187 apponit
657 2131 927 2184 subintelligi,
968 2130 1171 2185 quamdiu
1212 2129 1384 2170 ditarius
1423 2128 1621 2169 manserit

299 2205 450 2258 dignus
483 2203 729 2257 participare
762 2201 993 2242 elemosina
1025 2202 1167 2255 quoad
1200 2201 1352 2242 Deum.

358 2276 478 2315 Unde
526 2273 617 2313 talis
661 2272 843 2313 attencio
877 2280 917 2311 et
949 2271 1160 2324 expressio
1192 2269 1378 2310 hominis
1424 2269 1618 2309 elemosi-
1670 2291 1869 2328 Temporarv

300 2345 435 2385 nantis
469 2358 517 2384 ex
549 2343 699 2383 maiori
734 2341 1048 2392 humiliacione‚
1082 2355 1130 2381 ex
1162 2340 1309 2380 maiori
1342 2341 1432 2380 Deo
1466 2339 1616 2379 confir·
1633 2328 1909 2399 wfgssflffqyg'sffissm

242 2428 284 2460 30
299 2415 505 2465 macione,
551 2423 590 2454 et
630 2413 778 2453 maiori
813 2426 1001 2452 errorum
1035 2411 1275 2451 exclusione
1307 2411 1443 2463 magis
1476 2410 1617 2464 dispo·
1661 2398 1870 2461 Jfi'gggffcfflssg

300 2493 413 2524 neret
465 2485 517 2523 ad
569 2482 941 2537 perpetuacionem
994 2481 1223 2522 elemosine
1274 2495 1348 2535 per
1401 2480 1615 2521 Christum
1686 2469 1857 2503 perpetuai.

298 2568 427 2608 quam
472 2553 701 2593 elemosina
732 2553 919 2592 humana
950 2551 1177 2605 irreligiose
1208 2561 1356 2592 vocata
1399 2559 1613 2604 perpetua.

351 2740 379 2765 ὁ.
400 2739 428 2765 A
448 2738 478 2765 in
500 2745 615 2772 marg:
638 2736 818 2763 Conclusio.
963 2734 1001 2762 13.
1022 2734 1050 2761 A
1072 2735 1129 2769 A1:
1150 2734 1187 2762 Et
1206 2734 1261 2762 hec
1281 2733 1381 2767 racio3
1402 2734 1431 2761 A
1451 2733 1480 2761 in
1501 2740 1613 2767 marg:

298 2783 475 2812 Conclusio.
625 2782 669 2810 28.
692 2790 738 2818 29.
761 2782 799 2809 ss:
822 2781 1036 2809 elemosinam.

359 2914 410 2935 21.
438 2904 519 2935 Dec.
547 2904 558 2935 Ι
585 2913 674 2946 pars,
708 2902 784 2934 dist.
812 2901 993 2941 LXXXIII,
1032 2912 1058 2932 c.
1086 2902 1138 2934 III.
1176 2901 1267 2933 Vide
1300 2911 1403 2944 supra
1434 2910 1510 2943 pag.
1541 2899 1616 2933 235.
