2045 3312
303 269 391 299 CAP.
413 259 510 319 xxt]
794 274 854 306 DE
880 272 1116 306 ECCLESIA.
1827 263 1909 317 493

150 388 183 420 Β
210 388 285 432 1960
305 379 369 418 vel
386 379 464 418 alia
484 387 690 431 creatura;
714 387 753 418 et
776 392 915 418 revera
937 378 1092 432 fingere
1116 378 1243 417 talem
1266 377 1618 432 significacionem

302 448 606 489 infundabilem
654 449 705 488 ad
745 449 976 488 cecandum
1010 461 1150 501 regem
1196 456 1235 487 et
1279 461 1457 502 regnum
1502 449 1621 502 quod

301 532 387 558 non
421 528 602 572 possunt
633 519 862 573 quicquam
892 518 1051 558 auferre
1084 532 1105 556 a
1134 518 1324 569 subditis,
1359 518 1466 558 foret
1495 519 1620 558 nimis

300 589 450 642 supina
473 589 668 640 stulticia,
691 602 789 628 nam
812 588 1057 641 ignorancia
1088 597 1148 627 est
1171 597 1382 642 percepta.
1417 589 1483 629 Sic
1507 589 1618 628 enim
1635 598 1742 626 Rulers
1758 602 1911 637 maytake

267 658 484 701 §dicerent
530 658 694 698 domini
740 660 857 713 quod
901 672 989 697 non
1028 658 1225 698 auferunt
1270 658 1513 711 simpliciter
1546 660 1618 698 sed
1671 643 1869 698 “sessiiiicium

300 730 535 769 secundum
581 729 695 783 quid,
744 728 1130 782 proporcionaliter
1181 737 1227 768 ut
1271 729 1490 780 dederunt,
1544 742 1618 768 nec
1658 706 1891 781 qgiggggassetrige

299 799 407 839 soret
440 799 589 839 alicubi
636 799 887 853 periculum,
933 799 1030 853 quia
1075 799 1144 837 illa
1185 799 1297 838 bona
1330 812 1418 838 non
1451 798 1620 838 fuerunt
1718 785 1826 811 g¹ve¹¹³

298 883 372 909 sua
409 870 481 909 sed
532 870 674 910 solum
711 870 945 910 secundum
989 869 1104 923 quid.
1146 869 1296 909 Melius
1336 883 1434 923 ergo
1476 869 1619 909 fuisset

299 940 562 993 descripsisse
596 940 814 980 veritatem
850 940 1102 980 catholicam
1136 949 1175 979 et
1199 939 1492 979 defensionem
1525 953 1617 993 per-

243 1009 494 1061 1otinacem‚
528 1019 573 1050 ut
607 1011 839 1050 declaretur
872 1010 904 1049 si
937 1010 1093 1064 poterit
1116 1011 1231 1064 quod
1266 1024 1351 1049 non
1384 1009 1620 1050 verificatur

297 1081 347 1120 de
380 1094 473 1134 rege
517 1090 556 1121 et
589 1094 719 1134 regno
759 1080 992 1133 descripcio
1035 1081 1219 1134 predicta
1256 1081 1306 1119 de
1346 1081 1494 1131 heresi,
1547 1081 1618 1120 sed

295 1152 347 1191 ad
377 1151 542 1192 tedium
575 1151 687 1191 scole
721 1150 877 1205 fugitur
910 1165 983 1204 per
1023 1151 1232 1204 ambages.
1282 1151 1435 1190 Melius
1476 1160 1616 1190 tamen

296 1221 401 1261 foret
440 1222 606 1262 studere
644 1221 828 1273 logicam
867 1230 905 1261 et
952 1221 1086 1261 dicere
1129 1222 1353 1275 quomodo
1393 1222 1515 1261 debet
1553 1221 1615 1260 in-

295 1292 422 1345 telligi
456 1292 532 1331 iste
565 1291 764 1332 articulus
802 1291 896 1331 fidei
926 1291 1130 1331 catholice
1170 1292 1389 1332 ecclesiam
1421 1298 1613 1331 sanctam

242 1362 559 1410 15catlzolica7n,
608 1371 708 1402 tunc
751 1362 865 1402 enim
904 1375 992 1401 non
1032 1362 1267 1402 dicerentur
1306 1371 1370 1402 tot
1403 1362 1615 1402 sentencie

294 1433 471 1473 heretice
504 1441 544 1472 et
576 1432 652 1471 sibi
685 1432 784 1485 ipsis
817 1433 1036 1483 contrarie,
1069 1441 1115 1472 ut
1147 1441 1260 1486 puta,
1295 1433 1411 1486 quod
1445 1433 1616 1472 ecclesia

293 1516 374 1556 que
414 1512 508 1543 ante
548 1511 732 1542 mortem
771 1502 924 1542 Christi
972 1502 1050 1542 fuit
1095 1516 1312 1557 synagoga
1361 1502 1470 1555 cepit
1519 1511 1616 1556 post

293 1582 478 1614 mortem
502 1573 668 1615 Christi.
704 1573 783 1612 Ista
816 1572 929 1612 enim
952 1586 1040 1612 non
1074 1582 1134 1613 est
1158 1573 1291 1626 logica
1315 1573 1440 1613 huius
1465 1573 1613 1613 mundi

294 1645 411 1698 quod
443 1653 539 1684 ante
572 1652 756 1683 mortem
780 1642 933 1683 Christi
967 1656 1055 1682 non
1089 1642 1166 1682 fuit
1199 1643 1372 1683 ecclesia
1404 1652 1443 1683 et
1475 1643 1531 1683 sic
1565 1644 1742 1691 deindeed
1763 1673 1809 1691 we
1836 1673 1907 1701 may

236 1730 278 1751 πο
294 1714 438 1754 multis
462 1714 551 1754 aliis
575 1714 797 1754 erroribus.
832 1712 870 1752 O
895 1727 1025 1767 quam
1048 1713 1235 1766 gloriosa
1260 1713 1367 1753 foret
1391 1713 1612 1752 conclusio
1660 1699 1869 1769 cornoegitgalthe

294 1785 411 1838 quod
456 1798 584 1824 nemo
630 1793 771 1837 potest
815 1784 1046 1838 quicquam
1090 1783 1250 1823 auferre
1288 1798 1310 1823 a
1351 1783 1500 1823 clerico
1535 1772 1892 1840 11isi1112‘ss'201'1u53333g

294 1854 414 1907 iuste,
437 1868 565 1894 nemo
593 1854 706 1894 enim
724 1863 862 1907 potest
884 1854 1113 1908 quicquam
1135 1853 1295 1893 auferre
1318 1867 1341 1893 a
1361 1853 1511 1893 clerico
1534 1853 1614 1893 nisi
1629 1839 1905 1910 ssonj'Sssssjegffgfffgy

293 1924 451 1965 auferat
482 1925 586 1965 illud
619 1924 874 1978 simpliciter,
924 1925 996 1963 sed
1034 1938 1162 1964 nemo
1202 1933 1346 1977 potest
1378 1924 1613 1978 quidquam

293 1994 452 2034 auferre
469 1995 711 2048 simpliciter
726 1995 804 2034 nisi
820 1995 939 2047 iuste,
958 2008 1055 2045 ergo
1076 1994 1304 2035 conclusio.
1323 1995 1362 2034 Si
1383 1995 1495 2034 enim
1520 1995 1611 2048 quis

237 2069 274 2101 25
292 2066 426 2105 aufert
464 2065 620 2120 aliquid
657 2065 905 2105 auctoritate
944 2065 1127 2119 propria,
1169 2079 1267 2104 cum
1305 2079 1433 2104 nemo
1473 2074 1614 2118 potest

292 2135 442 2175 habere
463 2135 757 2176 auctoritatem
774 2137 825 2175 ad
840 2136 1117 2189 peccandum,
1134 2135 1323 2189 sequitur
1346 2136 1461 2189 quod
1485 2149 1611 2175 nemo

292 2214 432 2258 potest
454 2205 614 2246 auferre
647 2206 881 2260 quidquam
914 2205 1162 2246 auctoritate
1194 2205 1366 2259 propria
1389 2205 1465 2244 nisi
1489 2206 1610 2245 iuste.

247 2279 277 2312 O
352 2276 431 2315 Sed
476 2276 649 2317 ulterius
694 2276 1019 2330 multiplicando
1068 2276 1417 2316 inconveniencia
1460 2275 1612 2316 dicitur
1646 2293 1696 2331 My
1724 2299 1887 2329 opponent

293 2347 411 2400 quod
443 2347 615 2387 clericus
648 2347 780 2386 sciens
804 2355 1033 2400 patronum
1067 2360 1192 2386 suum
1216 2360 1308 2386 esse
1331 2347 1611 2399 dampnatum
1669 2331 1861 2401 ῗῑῖἓδῖιᾞῃζ

235 2419 277 2450 30
292 2417 413 2456 debet
435 2430 550 2456 orare
579 2431 656 2470 pro
686 2431 749 2468 e0‚
774 2426 821 2457 ut
850 2417 1012 2470 mitiget
1035 2416 1123 2456 eius
1156 2430 1323 2469 penam,
1357 2425 1397 2456 et
1429 2416 1610 2469 allegan-
1646 2408 1757 2469 ρὲζῖᾒζ
1771 2400 1884 2462 ξῗὶἒη]

607 2487 614 2494 ,
1133 2486 1141 2493 .
1166 2487 1173 2494 .
1211 2487 1217 2493 .
1337 2486 1344 2492 .
1395 2486 1401 2492 .
1566 2485 1573 2492 -
1628 2470 1665 2497 he
1686 2470 1794 2497 knows
1814 2475 1845 2498 to
1866 2471 1903 2497 be

292 2495 358 2526 tur
389 2488 441 2527 ad
467 2488 549 2527 hoc
577 2488 685 2527 d1cta
712 2488 939 2527 doctorum
968 2488 1233 2540 Preposmvi⁷
1261 2486 1611 2538 Altlsffldorenffls,
1687 2505 1832 2533 damned.

343 2609 363 2629 1.
385 2601 425 2628 B:
453 2601 676 2636 signacionem.
820 2608 868 2634 24.
895 2600 925 2628 A
943 2601 998 2635 Al:
1029 2601 1097 2636 quis
1125 2601 1220 2628 deest.
1367 2600 1407 2628 31.
1441 2600 1472 2627 In
1499 2600 1613 2627 codd:

291 2648 470 2683 prepositivi
492 2648 764 2676 Altisiodorensis.

350 2732 402 2764 31.
422 2732 696 2775 Praepositivus,
713 2732 855 2763 natione
872 2730 1108 2771 LombarduS,
1125 2730 1354 2763 cancellarius
1370 2729 1610 2762 universitatis

290 2790 494 2823 Parisiensis
514 2802 605 2823 anno
629 2801 727 2833 1207.
748 2790 788 2822 cf.
809 2790 957 2822 Fabricii
978 2789 1145 2823 Biblioth.
1165 2790 1257 2821 med.
1277 2797 1311 2821 et
1329 2789 1388 2821 ins.
1408 2787 1526 2820 aetatis
1555 2788 1611 2828 VI,

292 2848 367 2881 315.
410 2849 708 2889 Altissidorensis,
749 2858 950 2890 cognomen
986 2849 1241 2880 nonnullorum
1278 2847 1540 2878 decretistarum
1578 2853 1610 2877 et

292 2907 553 2949 theologorum.
582 2907 625 2938 cs.
654 2906 819 2938 Franklin
847 2907 1083 2938 Dictionnaire
1112 2908 1130 2937 Ι,
1159 2917 1186 2937 c.
1216 2917 1248 2948 p.
1277 2907 1330 2939 51.
