2045 3312
195 261 274 314 578

919 272 1145 305 JOHANNIS
1172 272 1366 304 WYCLIF.
1570 258 1676 317 [CAP.
1698 270 1806 299 xxiii.

483 375 647 415 sionem
683 378 716 416 si
757 377 912 430 dignus
938 377 1065 417 fuerit
1100 388 1140 417 et
1180 378 1333 418 habilis
1367 379 1419 417 ad
1454 387 1615 418 tantam
1644 379 1806 419 veniam
1825 388 1960 424 206·¹R

483 446 626 498 quoad
662 446 815 499 Deum,
851 456 891 487 et
924 448 1045 488 aliter
1078 448 1253 488 indubie
1287 457 1463 502 propter
1488 450 1806 490 concessionem

487 516 600 555 Petri
636 517 780 557 vicarii
818 532 900 558 non
937 518 1112 559 habebit
1144 519 1415 571 indulgencie
1445 519 1538 572 plus
1562 520 1628 559 vel
1652 520 1806 559 minus.

485 586 644 626 Ymmo
677 587 848 628 videtur
881 590 997 642 quod
1033 590 1126 629 talis
1161 598 1410 643 arroganter
1433 603 1685 642 presumens
1710 590 1809 630 dare

485 657 589 698 tales
625 658 918 711 indulgencias
953 674 1036 700 non
1073 661 1126 700 sit
1160 669 1415 713 procurator
1445 660 1640 708 idoneus,
1675 670 1722 699 ut
1756 660 1844 703 ad5

485 729 549 768 sui
573 729 831 782 peticionem
859 731 973 770 Deus
997 731 1050 770 sit
1074 731 1257 770 debitori
1283 731 1417 783 magis
1450 731 1685 785 propicius,
1711 731 1809 784 quia

486 800 527 838 in
557 813 599 838 re
623 799 820 839 concedit
843 813 990 839 servus
1016 801 1110 851 Dei,
1137 814 1235 854 sepe
1260 801 1339 840 sibi
1364 801 1536 841 odibilis
1562 815 1610 841 ex
1634 810 1810 854 peccato

486 870 600 923 quod
632 870 748 909 Deus
783 870 1023 922 indulgebit
1055 884 1134 910 suo
1167 871 1319 911 affecto
1353 872 1610 911 remittendo
1642 872 1811 924 culpam

488 950 527 980 et
573 941 801 979 relaxando
851 954 1019 993 penam.
1085 941 1168 981 Sed
1220 942 1442 994 quomodo
1497 942 1652 982 faceret
1698 942 1812 981 Deus

488 1010 823 1050 misericordiam
850 1011 900 1049 ad
923 1019 1010 1050 tam
1034 1011 1301 1051 luciferinam
1327 1021 1367 1051 et
1390 1020 1475 1051 tam
1500 1011 1810 1052 infundabilem
1831 1032 1869 1053 10

487 1083 807 1120 concessionem
837 1081 964 1121 unius
994 1081 1102 1121 servi
1132 1091 1219 1122 tam
1250 1078 1440 1135 indigni?
1472 1082 1636 1121 Revera
1660 1083 1810 1122 melius

489 1151 599 1192 foret
643 1151 760 1205 quod
800 1153 866 1191 vel
905 1153 1076 1192 doceret
1128 1152 1169 1192 in
1203 1152 1284 1192 hoc
1317 1153 1517 1192 vicariam
1554 1161 1811 1206 potestatem

239 1232 323 1259 Even
348 1232 434 1259 Peter
491 1224 557 1262 vel
582 1231 744 1262 teneret
770 1235 811 1261 se
836 1223 875 1262 in
901 1222 1109 1262 limitibus
1134 1223 1268 1262 sancti
1286 1223 1411 1262 Petri.
1439 1223 1501 1262 De
1519 1224 1644 1262 Petro
1669 1233 1810 1263 autem

198 1267 289 1295 could
320 1267 392 1295 bind
414 1266 473 1294 and

214 1304 298 1330 ioose
331 1303 455 1337 oniyin
492 1307 575 1332 non
630 1293 725 1346 plus
785 1293 1000 1346 sequitur:
1071 1292 1368 1346 Quodcunque
1420 1293 1625 1347 ligaveris
1682 1307 1814 1347 super

197 1338 387 1365 accordance
399 1338 471 1366 with

238 1373 337 1400 (jou’s
359 1373 432 1407 will,

208 2286 308 2315 which
329 2285 367 2313 lie
388 2286 476 2312 knew

250 2323 299 2362 *by
321 2323 423 2361 divine

250 2363 444 2393 inspiration.

490 1370 651 1403 terram
705 1363 785 1402 erit
824 1363 1007 1416 ligatum
1049 1370 1088 1403 et
1119 1364 1161 1403 z'n
1196 1364 1299 1412 celo,
1335 1377 1437 1416 ergo
1474 1364 1624 1403 Petrus
1663 1364 1870 1404 habuit15

489 1442 745 1486 potestatem
777 1434 828 1472 ad
862 1434 1001 1473 taliter
1034 1434 1310 1474 relaxandum
1345 1447 1475 1487 penas
1511 1444 1596 1474 tarn
1631 1435 1672 1474 in
1707 1435 1813 1475 vivis

492 1517 620 1556 quam
671 1504 851 1543 mortuis
896 1504 936 1542 in
985 1505 1237 1557 purgatorio
1285 1505 1348 1543 vel
1390 1504 1648 1557 dampnatis,
1682 1517 1811 1557 quam

491 1574 704 1627 sequitur:
761 1573 958 1613 Christus
1019 1574 1136 1613 dedit
1190 1575 1317 1613 Petro
1377 1575 1493 1614 illam
1554 1584 1810 1627 potestatem

490 1643 649 1697 ligandi
683 1653 722 1684 et
756 1644 963 1694 solvendi,
991 1657 1091 1696 ergo
1115 1644 1147 1683 si
1174 1645 1324 1683 Petrus
1358 1644 1563 1684 voluisset
1594 1645 1812 1697 insurgere

492 1724 637 1754 contra
657 1714 878 1754 Christum
904 1723 943 1753 et
966 1715 1158 1754 membra
1183 1728 1272 1764 sua,
1306 1715 1718 1755 excommunicando
1743 1730 1812 1755 eos
1831 1732 1873 1754 20

494 1796 532 1825 et
567 1786 689 1838 plene
724 1784 986 1837 indulgendo
1021 1784 1224 1823 membris
1259 1784 1444 1837 dyaboli,
1480 1798 1580 1838 ergo
1623 1787 1814 1838 oportuit

495 1854 624 1894 fuisse
665 1855 705 1893 in
746 1855 835 1893 celo
875 1855 988 1907 apud
1023 1855 1160 1893 Deum
1197 1855 1337 1894 taliter
1376 1854 1626 1895 diffinitum.
1691 1856 1816 1896 Unde

494 1939 643 1965 omnes
692 1924 836 1964 fideles
883 1925 1126 1964 concedunt
1160 1925 1277 1978 quod
1312 1925 1452 1964 omnis
1486 1934 1675 1978 potestas
1718 1940 1815 1966 con-

496 2009 610 2035 cessa
635 1996 763 2035 Petro
798 1996 862 2034 vel
896 1995 985 2035 eius
1021 1995 1181 2035 vicario
1216 1995 1396 2035 limitata
1431 2004 1493 2035 est
1526 1997 1641 2050 quod
1676 1997 1815 2037 humi-

496 2067 590 2105 liter
625 2075 665 2105 et
699 2065 978 2105 conformiter
1012 2075 1157 2118 pareat
1193 2066 1303 2118 Deo;
1341 2080 1388 2105 ex
1422 2066 1545 2105 cuius
1586 2066 1875 2106 conformi-25

495 2146 580 2176 tate
631 2136 742 2189 capit
776 2137 827 2175 de
861 2144 979 2175 tanto
1013 2136 1215 2175 virtutem
1258 2145 1298 2176 et
1340 2149 1387 2175 ex
1422 2137 1510 2176 eius
1546 2137 1817 2177 deformitate

497 2207 609 2259 capit
653 2215 742 2246 tam
789 2207 1033 2260 prepositus
1080 2220 1208 2260 quam
1243 2206 1461 2246 subiectus
1503 2207 1816 2247 seduccionem.

501 2278 551 2316 Et
590 2277 667 2316 hec
702 2277 814 2316 racio
849 2290 982 2330 quare
1019 2278 1169 2316 Petrus
1205 2286 1242 2315 et
1277 2276 1345 2315 alii
1381 2276 1585 2316 divinitus
1625 2277 1817 2330 inspirati

499 2361 582 2386 non
629 2346 958 2399 magnificarunt
1002 2356 1257 2399 potestatem
1316 2360 1434 2385 suam
1498 2347 1607 2386 ultra
1664 2347 1821 2386 limites

498 2432 606 2471 quos
642 2418 756 2456 Deus
792 2417 992 2468 instituit,
1029 2417 1101 2456 sed
1137 2417 1298 2470 precise
1323 2417 1373 2455 ad
1401 2425 1567 2456 tantum
1602 2417 1820 2456 solverunt
1837 2422 1878 2454 30

500 2497 538 2526 et
573 2489 759 2539 ligarunt
812 2488 863 2526 ad
910 2496 1120 2540 quantum
1168 2487 1281 2526 docti
1327 2495 1428 2526 sunt
1468 2487 1607 2525 Deum
1657 2487 1820 2526 solvere

502 2559 564 2598 vel
619 2559 762 2611 ligare.
823 2558 864 2596 ln
929 2557 1141 2609 ambiguis
1190 2571 1289 2596 vero
1344 2558 1409 2595 vel
1461 2555 1920 2606 tacuerunt³·‘·ve1207·n

501 2629 798 2667 condicionem
841 2628 1076 2666 secundum
1117 2640 1248 2680 quam
1282 2635 1452 2679 oportet
1491 2627 1626 2666 Deum
1666 2627 1820 2679 princi-

561 2755 606 2781 ρι’).
630 2755 667 2781 Ιὲε
691 2758 717 2780 ct
739 2755 816 2780 eius.
963 2754 996 2781 110
1029 2754 1186 2780 solverant
1209 2753 1236 2780 in
1259 2752 1348 2780 codd.

568 2850 615 2881 13.
660 2850 704 2881 (js
757 2851 840 2881 Hus.
884 2850 1061 2880 Adversus
1104 2848 1343 2891 inlulgencias
1384 2850 1525 2891 papales
1566 2848 1659 2891 Opp.
1700 2849 1722 2886 Ι,
1764 2848 1824 2879 fol.

504 2906 720 2939 CLXXXVV'
