2045 3312
279 272 367 299 CAP.
385 260 480 318 viu]
790 273 847 303 DE
876 270 1111 303 ECCLEfflfx.
1805 272 1875 311 ¹71

127 389 349 427 M152'·tur
401 383 522 420 iuxta
581 378 861 430 apostolicum
908 384 1186 429 preceptum:
1238 376 1359 414 Alter
1413 377 1597 414 alterum

278 452 530 491 existimans
571 450 856 500 superiorem.
903 448 955 487 Et
997 447 1073 486 hec
1105 446 1216 485 racio
1253 445 1318 500 (ut
1349 454 1509 485 tactum
1541 455 1601 485 est

278 521 503 574 superius),
553 532 679 572 quare
723 519 912 557 membra
957 517 1128 556 ecclesie
1172 526 1211 556 et
1249 516 1401 569 gradus
1446 515 1600 569 quibus

278 592 391 630 Deus
423 590 535 643 ipsos
568 588 701 641 diligit
733 597 831 627 sunt
863 588 982 626 nobis
1015 587 1271 626 abscondita.

238 676 263 708 d.
338 662 502 709 Quarto
548 659 785 698 notandum
834 658 949 711 quod
1000 657 1192 697 Christus
1230 656 1377 696 videns
1416 656 1600 695 alienum
1636 664 1880 691 emisisti-cai-

278 731 472 784 spiritum
518 730 560 768 in
605 729 801 769 cordibus
845 727 991 780 templi
1036 727 1115 778 sui,
1155 740 1240 766 non
1275 741 1392 766 more
1425 727 1600 779 conqui-
1630 699 1876 768 diggi'iniecssiiiiss-

278 801 467 841 rencium
513 808 644 840 castra
677 813 750 839 sua
785 799 1030 851 corporalia,
1071 798 1249 851 disrupit
1288 811 1433 837 muros
1466 797 1601 848 castri,
1701 770 1810 797 bmon.

279 873 349 911 sed
388 871 556 910 hostem
595 870 755 922 expulit
793 869 976 908 alliciens
1010 883 1080 908 eos
1113 869 1164 907 ad
1196 867 1481 907 humilitatem
1520 881 1602 920 qua

279 942 447 996 ipsimet
474 949 673 994 superent
705 949 935 994 tyrannum
967 939 1040 992 qui
1071 953 1142 978 eos
1166 938 1343 991 turpiter
1375 937 1599 991 superavit.

228 1026 264 1058 N
340 1013 529 1057 Potestis,
562 1010 711 1064 inquit,
745 1010 886 1050 bibere
920 1010 1095 1049 calicem
1130 1023 1252 1062 quem
1288 1022 1367 1062 ego
1391 1008 1602 1048 bibiturus

278 1083 409 1123 sum?
440 1083 501 1121 Ex
524 1095 607 1134 qua
630 1080 964 1132 interrogacione
987 1080 1199 1119 mulcente
1223 1079 1437 1129 docemur,
1462 1078 1601 1131 primo

280 1154 397 1206 quod
449 1161 617 1205 oportet
668 1151 888 1191 victoriam]
933 1164 1021 1190 esse
1069 1150 1364 1199 voluntariam,
1410 1149 1442 1187 si
1481 1149 1603 1188 debet

279 1238 366 1263 esse
412 1222 639 1273 meritoria,
684 1222 778 1260 ideo
820 1221 956 1274 querit
989 1220 1180 1260 Christus
1220 1220 1270 1258 ab
1310 1219 1367 1258 eis
1400 1220 1603 1269 modeste,

279 1295 310 1333 si
344 1303 522 1347 possunt
555 1292 639 1346 pati
672 1291 907 1331 voluntarie
940 1292 1068 1331 instar
1101 1292 1176 1330 sui.
1211 1290 1407 1330 Secundo
1447 1290 1602 1328 docen-

224 1376 347 1408 15tur
391 1364 513 1404 ceteri
546 1363 728 1417 apostoli
763 1376 847 1401 non
882 1361 1086 1415 indignari
1121 1370 1265 1401 contra
1299 1361 1408 1399 duos
1442 1360 1598 1410 fratres,

281 1450 377 1476 cum
408 1435 608 1474 dominus
631 1447 794 1485 eorum,
828 1442 972 1472 contra
1006 1446 1133 1485 quem
1166 1430 1451 1484 principaliter
1482 1443 1601 1469 usur-

281 1515 376 1559 pata
409 1505 487 1544 fuit
518 1504 681 1555 iniuria,
714 1513 801 1543 tam
825 1504 981 1542 urbane
1006 1502 1160 1555 optulit
1192 1502 1249 1541 eis
1279 1501 1391 1540 idem
1414 1500 1604 1540 medium

280 1590 366 1630 quo
413 1576 501 1628 ipse
540 1574 693 1614 meruit
725 1574 986 1628 dignitatem.
1031 1573 1184 1612 Tercio
1218 1573 1422 1611 docentur
1455 1584 1604 1610 omnes

281 1645 490 1686 christiani
525 1646 641 1699 quod
673 1644 759 1698 pati
792 1654 965 1697 propter
996 1643 1206 1683 iusticiam
1239 1642 1289 1682 sit
1322 1641 1605 1681 necessarium

224 1736 264 1757 20
283 1717 452 1756 cuilibet
498 1715 655 1754 volenti
701 1714 888 1754 beatifice
921 1713 1130 1767 premiari‚
1177 1727 1276 1752 cum
1309 1712 1509 1751 dominus
1542 1711 1602 1749 in-

280 1786 400 1826 cessit
447 1799 520 1838 per
559 1799 781 1824 summum
813 1784 991 1836 gradum
1023 1783 1133 1822 illius
1166 1782 1315 1834 medii3
1355 1782 1450 1821 ideo
1482 1790 1605 1821 vocat

281 1855 473 1896 Christus
505 1855 586 1894 hoc
620 1853 883 1908 singulariter
914 1868 1041 1893 suum
1074 1853 1258 1892 calicem.

243 1944 265 1969 e
340 1926 502 1975 Quinto
553 1925 755 1964 docemur
805 1924 1027 1977 quomodo
1082 1922 1274 1966 Christus
1327 1935 1412 1959 non
1466 1930 1605 1974 potest
1620 1933 1896 1962 Herefusedmcir

282 1996 366 2034 suis
400 1994 573 2035 deficere
607 1995 646 2033 in
682 1995 954 2034 concedendo
977 1993 1206 2046 privilegia,
1238 2001 1276 2032 et
1299 2000 1606 2045 consequenter
1649 1969 1861 2039 ἔῗὲτῗῐθςῖκιῖιᾞ

225 2077 264 2108 25
283 2067 520 2123 mercedem
573 2080 620 2104 ex
674 2079 821 2105 eorum
874 2077 955 2104 usu
1008 2073 1268 2117 sequentem,
1322 2076 1419 2102 cum
1466 2061 1606 2101 statim
1632 2041 1726 2103 <ii-'1¹33
1743 2039 1881 2109 iiiisogiiip

282 2145 377 2189 post
428 2135 634 2175 humilem
690 2148 945 2174 consensum
997 2133 1230 2173 fraternum
1274 2146 1361 2186 quo
1412 2131 1605 2171 dixerunt

275 2220 522 2260 possumus,
566 2205 707 2245 statim
741 2204 967 2245 concessit:
1016 2205 1195 2244 calicem
1247 2203 1416 2256 quidem
1464 2215 1604 2242 meum

192 2288 267 2319 152⁰
282 2277 442 2327 bibetis,
476 2275 547 2315 ubi
580 2290 667 2315 non
693 2274 715 2298 ³³
736 2275 832 2314 licet
870 2274 982 2314 fideli
1013 2274 1223 2327 ambigere
1258 2273 1359 2327 quin
1400 2272 1606 2312 concessit

283 2347 449 2386 duobus
495 2345 686 2385 fratribus
731 2358 839 2398 quos
890 2344 1006 2396 prius
1053 2343 1297 2396 gratificavit
1340 2342 1606 2396 privilegium

226 2428 268 2459 30
286 2416 507 2470 singulare.
569 2415 609 2455 Si
667 2415 780 2455 enim
836 2414 987 2454 terreni
1038 2423 1174 2467 patres
1233 2422 1441 2453 noverunt
1495 2414 1606 2452 bona

284 2487 378 2525 data
423 2486 518 2525 dare
550 2485 643 2524 filiis
676 2485 775 2535 suis,
823 2493 982 2537 quanto
1023 2485 1117 2536 plus
1156 2492 1272 2536 pater
1304 2484 1464 2536 primus
1509 2493 1606 2536 post

283 2566 370 2596 tam
415 2555 645 2609 gloriosam
692 2554 913 2593 victoriam
969 2568 1096 2607 quam
1147 2567 1220 2606 per
1271 2554 1374 2592 alios
1419 2553 1514 2593 fecit
1563 2553 1604 2591 in

283 2626 517 2678 principem
567 2624 690 2664 huius
736 2621 908 2662 mundi?
972 2625 1056 2663 Lex
1111 2637 1208 2677 ergo
1265 2624 1425 2676 privata
1477 2637 1605 2676 quam

284 2696 477 2749 princeps
530 2694 656 2747 pacis,
716 2703 756 2733 et
807 2707 880 2746 per
931 2707 1195 2747 consequens
1247 2694 1383 2733 tocius
1436 2693 1605 2732 ecclesie

230 2774 267 2806 35
286 2765 490 2804 concessit
534 2765 611 2803 hiis
656 2764 847 2803 fratribus
881 2764 931 2802 ad
976 2764 1257 2803 commodum
1290 2778 1435 2803 eorum
1476 2763 1603 2802 maxi-

339 2921 366 2947 9.
389 2914 415 2939 Α
437 2913 491 2946 Al:
511 2911 641 2947 turpiter
672 2917 828 2947 superant⁴
973 2912 1019 2939 26.
1053 2913 1081 2939 A
1108 2914 1165 2945 Al:
1199 2919 1372 2938 assensum.
