2045 3312
210 2299 358 2327 Answer:

864 275 1086 310 JOHANNIS
1111 276 1307 309 WYCLIF.
1534 263 1642 318 [CAP.
1661 274 1743 303 xiv.

428 383 544 423 Sicut
577 395 673 436 ergo
707 382 852 422 beatus
886 382 1082 422 Silvester
1116 395 1201 421 non
1236 381 1399 434 accepit
1430 380 1545 421 illam
1584 391 1901 436 partem1731¹P

428 452 592 505 imperii
625 466 649 492 a
681 452 979 503 Constantino,
1013 452 1070 492 sic
1104 466 1179 491 nec
1211 451 1361 505 aliquis
1394 452 1586 491 sacerdos
1609 451 1748 491 cuius-

429 538 558 577 quam
601 523 753 563 terreni
800 522 1001 575 principis
1047 521 1207 574 accepit
1239 522 1289 560 ab
1323 535 1373 561 eo
1407 521 1751 561 dominacionem

429 593 675 633 huiusmodi
708 592 938 632 secularem
971 593 1043 632 sed
1075 592 1318 631 immediate
1351 605 1372 630 a
1407 591 1597 643 Christo;
1638 591 1752 644 prius

432 663 545 703 enim
578 673 770 716 tempore
801 663 868 702 vel
901 672 1049 703 natura
1083 662 1161 702 suit
1193 663 1339 702 beatus
1372 662 1569 702 Silvester
1601 662 1785 716 dignus5

429 733 579 773 habere
625 733 971 773 dominacionem
1003 733 1120 772 illam
1159 732 1323 786 imperii
1364 746 1495 785 quam
1528 745 1640 772 cesar
1676 731 1753 771 sibi

430 803 637 855 diviserat,
686 813 725 842 et
772 817 846 857 per
893 794 1154 857 consequens
1195 802 1427 856 prius‘fuit
1460 803 1555 842 data
1594 816 1617 841 a
1648 802 1752 853 Deo,

430 887 560 927 quam
604 887 717 913 cesar
760 873 897 926 ipsam
948 873 1024 912 sibi
1074 873 1366 926 resignaverat,
1419 882 1459 912 et
1506 887 1604 913 cum
1648 886 1754 926 eque

430 944 545 998 digni
580 943 750 983 fuerunt
788 943 903 996 prius
936 943 1005 982 alii
1038 943 1191 984 Christi
1236 943 1390 995 vicarii,
1429 943 1594 982 videtur
1637 942 1753 996 quod

430 1015 563 1054 eciam
597 1014 676 1053 illis
709 1013 834 1054 infuit
867 1023 1054 1067 potestas
1086 1013 1224 1053 taliter
1255 1013 1516 1053 dominandi.
1581 1013 1633 1052 Et
1677 1012 1812 1058 istam

432 1084 597 1124 videtur
649 1083 863 1124 sentencia
915 1083 1136 1123 cuiusdam
1196 1083 1394 1123 Nicolai
1448 1082 1752 1122 Putanensis

432 1168 559 1208 super
592 1155 816 1208 epistolam
848 1154 899 1193 ad
932 1155 1166 1206 Romanos,
1199 1153 1271 1207 qui
1303 1162 1428 1193 vocat
1451 1153 1673 1205 episcopos
1706 1166 1753 1191 ex

436 1224 532 1264 hinc
565 1225 757 1277 miseros,
790 1225 907 1279 quod
938 1225 1090 1264 volunt
1114 1238 1157 1264 se
1180 1224 1366 1264 subicere
1389 1223 1431 1263 in
1455 1237 1582 1263 onere
1611 1223 1752 1263 tributi

439 1304 479 1334 et
511 1295 600 1334 aliis
633 1295 813 1335 serviciis
847 1295 1000 1335 exactis
1034 1309 1056 1334 a
1088 1294 1259 1334 brachio
1293 1293 1480 1334 seculari.
1517 1294 1570 1333 Et
1609 1293 1756 1333 fundat

435 1379 477 1404 se
529 1379 655 1418 super
699 1366 810 1406 dicto
856 1365 1054 1419 Apostoli
1100 1365 1274 1404 Hebreis
1312 1364 1429 1405 VIIO:
1504 1363 1814 1409 Onzninzodo15

437 1436 574 1474 maior
596 1443 657 1476 est
688 1437 759 1476 ille
790 1437 863 1490 qni
888 1435 1107 1485 benedicit,
1135 1449 1263 1488 qnam
1296 1435 1367 1474 ille
1389 1434 1460 1474 cui
1481 1433 1758 1484 benedicitur,

436 1515 475 1545 et
514 1520 586 1559 per
619 1507 698 1546 hoc
742 1507 894 1560 probat
926 1506 1160 1560 Apostolus
1193 1505 1309 1559 quod
1342 1503 1650 1544 Melchisedech
1691 1517 1760 1543 rex

435 1576 575 1616 Salem
633 1577 706 1630 qui
761 1577 888 1630 gessit
934 1587 1083 1631 typum
1131 1575 1286 1615 Christi
1331 1574 1408 1614 fuit
1451 1574 1587 1614 maior
1631 1587 1760 1627 quam

434 1647 650 1686 Abraham
684 1647 750 1687 cui
783 1647 994 1687 benedixit
1026 1646 1091 1700 (ut
1129 1646 1280 1699 legitur
1315 1645 1419 1685 Gen.
1452 1643 1603 1699 XIV0).
1644 1643 1760 1683 Sicut

438 1731 536 1771 ergo
590 1717 876 1757 sacerdocium
933 1725 994 1756 est
1045 1716 1214 1768 dignius
1247 1715 1443 1768 imperio,
1489 1714 1545 1754 sic
1591 1723 1759 1767 oportet
1777 1739 1818 1760 20

435 1788 684 1827 Romanum
747 1786 996 1840 pontificem
1058 1800 1146 1826 esse
1208 1785 1445 1838 digniorem
1507 1785 1758 1838 imperatore

439 1858 669 1911 accipiente
713 1857 942 1911 imperium
988 1857 1039 1896 ab
1081 1856 1153 1895 illo
1186 1855 1401 1909 pontifice,
1435 1865 1475 1895 et
1507 1869 1580 1909 per
1612 1868 1758 1894 conse-

437 1942 585 1982 quenS,
630 1937 800 1981 oportet
843 1927 1134 1968 conferentem
1176 1927 1329 1966 habere
1370 1926 1473 1965 illud
1521 1925 1761 1978 imperium,

437 2007 477 2038 et
520 2012 607 2037 non
653 2012 742 2038 esse
787 1998 1026 2038 subiectum
1059 2010 1137 2036 suo
1172 1996 1485 2045 elemosinario,
1531 1995 1629 2049 quia
1660 2003 1761 2034 tunc

438 2082 522 2108 non
558 2068 664 2108 foret
696 2082 805 2121 papa
838 2068 1087 2108 omnimode
1121 2067 1215 2120 ipso
1249 2067 1397 2117 maior,
1421 2067 1492 2105 sed
1526 2066 1762 2106 secundum
1779 2078 1819 2110 25

438 2139 616 2178 eandem
648 2139 859 2178 racionem
893 2152 977 2191 qua
1021 2137 1228 2177 benedicit
1261 2145 1299 2176 et
1332 2136 1492 2176 confert
1531 2136 1605 2175 sibi
1641 2136 1760 2188 spiri-

438 2209 549 2248 tuale
582 2209 810 2261 imperium
844 2208 948 2247 foret
981 2207 1072 2259 ipso
1106 2206 1349 2246 subieccior.
1615 2258 1620 2264 ·

500 2279 544 2317 ln
577 2278 656 2317 isto
690 2287 851 2331 puncto
886 2286 984 2316 sunt
1016 2276 1141 2315 nimis
1175 2276 1295 2315 multi
1339 2275 1532 2326 maniaci,
1566 2285 1812 2329 putantesQ

439 2349 596 2387 nedum
622 2348 800 2387 maiores
825 2348 1060 2386 sacerdotes
1086 2348 1157 2386 sed
1183 2346 1369 2386 minores
1400 2346 1588 2398 singulos
1612 2346 1761 2385 debere

492 2556 520 2584 6.
542 2563 568 2591 7.
599 2557 636 2583 ss:
668 2555 726 2582 sibi
760 2556 929 2583 dimiserat.
1075 2554 1101 2580 S.
1124 2555 1152 2582 Α
1174 2555 1230 2589 Ax:
1258 2554 1358 2589 ipsam
1387 2554 1484 2581 deest.
1631 2561 1661 2580 n.
1684 2554 1710 2580 A
1733 2553 1760 2580 in

441 2611 555 2637 marga
584 2602 732 2629 Nicolaus
754 2603 950 2630 Putancnsis.
1094 2602 1139 2627 28.
1167 2602 1194 2628 Λ
1216 2601 1245 2628 in
1268 2609 1383 2635 marga
1410 2600 1592 2635 Responsio.
1614 2600 1763 2634 Arguitur

441 2658 496 2685 pro
513 2649 730 2677 dominacione
745 2649 827 2676 civili
848 2650 1047 2678 sacerdotum
1070 2653 1097 2675 et
1113 2647 1294 2675 dissolvitur
1318 2647 1433 2681 (uelow
1449 2646 1510 2681 ¹7⁴³
1531 2647 1659 2673 without
1677 2647 1762 2673 mark

441 2698 476 2724 os
495 2697 675 2730 reference).

506 2851 555 2883 15.
597 2850 711 2883 Verba
738 2851 887 2894 apostoli
922 2851 962 2882 ad
1004 2850 1091 2882 Heb.
1117 2850 1190 2891 VH,
1228 2860 1265 2892 7:
1305 2849 1391 2881 Sine
1418 2849 1490 2881 ulla
1532 2852 1649 2880 autern
1683 2856 1763 2879 con-

443 2910 679 2943 tradiccione.
707 2909 800 2951 qnod
828 2909 941 2940 minus
968 2913 1020 2940 est
1046 2919 1067 2940 a
1096 2908 1235 2940 meliori
1262 2907 1492 2939 benedicitur.
