2045 3312
306 280 396 308 CAP.
417 268 528 326 xxm-J
809 280 868 312 DE
896 279 1129 311 sociastis„
1839 269 1915 308 533

157 388 440 434 L201bmulta
475 388 586 428 bona
619 387 670 426 de
703 399 871 439 genere,
906 384 977 424 sed
1012 384 1230 424 meritoria
1265 384 1501 424 secundum
1538 397 1629 437 pre·

307 468 468 499 sentem
499 457 725 508 iusticiam,
765 456 933 495 racione
958 455 1077 494 cuius
1102 453 1252 494 micius
1277 455 1630 507 dampnabuntur

308 538 348 570 et
382 529 551 568 interim
585 527 758 567 ecclesie
792 526 1084 566 merebuntur.
1127 525 1209 563 Sed
1247 537 1342 564 cum
1379 534 1542 565 certum
1577 525 1629 564 sit

310 600 425 654 quod
459 598 680 652 dampnati
714 607 828 648 sunt,
878 596 1062 650 amplius
1107 608 1231 635 orare
1273 609 1352 648 pro
1397 594 1476 634 illis
1524 593 1631 634 foret

275 671 484 714 §omnino
518 669 680 721 inutile,
729 681 877 722 ymmo
922 666 1066 706 oracio
1101 665 1295 706 catholici
1341 679 1425 704 non
1460 674 1521 704 est
1554 678 1631 717 pro

306 741 399 792 illis,
435 753 531 779 cum
566 738 829 792 impossibile
873 737 926 776 sit
958 736 1093 789 ipsam
1130 735 1208 775 illis
1254 733 1484 788 proficere,
1530 748 1628 774 con-

307 811 484 851 tendens
517 823 617 849 vero
650 809 766 863 quod
801 809 890 861 ipse
923 815 1016 846 orat
1058 819 1136 860 pro
1181 806 1251 845 tali
1284 814 1457 845 mortuo
1491 813 1631 858 potest

306 879 563 921 mortificare
615 879 860 919 oracionem
912 877 1131 931 propriam
1177 875 1491 917 contendendo.
1545 875 1632 915 Nec

309 951 520 992 contendo
554 959 701 990 contra
738 949 955 989 volentem
996 946 1223 986 defendere
1257 946 1373 1000 quod
1406 946 1503 986 licet
1534 958 1631 998 par-

254 1021 540 1062 10ticulariter
587 1034 709 1060 orare
753 1033 831 1073 pro
879 1019 1127 1072 dampnatO,
1173 1017 1275 1056 dum
1313 1026 1453 1056 tamen
1488 1025 1633 1055 orator

308 1091 387 1132 hoc
420 1092 692 1145 ignoraverit,
740 1090 839 1144 quia
888 1089 979 1129 talis
1027 1088 1169 1128 oracio
1216 1087 1384 1126 nonnisi
1427 1085 1632 1138 equivoce

309 1174 371 1204 est
406 1177 484 1217 pro
518 1163 603 1214 illo,
638 1161 710 1202 sed
743 1160 968 1200 intendens
1003 1159 1118 1212 quod
1154 1159 1207 1197 sit
1239 1170 1318 1211 pro
1351 1157 1422 1195 illo
1457 1156 1633 1195 faciliter

309 1244 496 1274 meretur
517 1233 708 1283 veniam;
741 1245 815 1271 nec
849 1231 960 1270 valet
993 1230 1282 1269 iuramentum
1317 1226 1512 1277 oratoris,
1546 1239 1632 1279 quo

212 1306 469 1358 201⁰obligat
509 1318 551 1344 se
585 1304 636 1343 ad
682 1302 893 1342 orandum
941 1301 1147 1339 annaliter
1193 1298 1486 1351 temporaliter
1508 1295 1530 1319 ἧς
1555 1310 1631 1350 pro
1654 1306 1781 1336 Pravers
1802 1306 1914 1334 should

1648 1343 1685 1369 be
1694 1337 1759 1369 said
1769 1342 1924 1376 generallv

255 1375 528 1425 15defuncto,
578 1374 648 1413 sed
697 1373 821 1412 amici
866 1371 1054 1411 defuncti
1091 1371 1247 1409 debent
1280 1378 1481 1421 appetere
1516 1366 1923 1448 quodfgil-lrtgftosgtulgnidh

309 1446 558 1499 generaliter
591 1454 736 1485 oretur
769 1456 846 1496 pro
870 1442 1051 1482 mortuis
1086 1442 1127 1480 in
1162 1439 1429 1494 purgatorio,
1465 1447 1503 1476 et
1538 1437 1651 1487 talis*
1692 1448 1880 1486 the-specim

310 1517 451 1556 oracio
481 1525 650 1556 tantum
673 1514 737 1553 vel
770 1515 864 1567 plus
887 1513 966 1552 sibi
991 1512 1101 1551 valet
1125 1511 1233 1550 sicut
1257 1509 1399 1549 oracio
1423 1507 1631 1561 specialis,
1644 1482 1924 1555 igtrzxfftionnovaeffiia

309 1587 533 1640 supposito
579 1585 695 1638 quod
742 1584 794 1623 sit
840 1583 917 1633 ibi3
973 1591 1013 1621 et
1059 1581 1173 1620 nulla
1219 1579 1363 1619 oracio
1405 1578 1513 1617 valet
1553 1576 1633 1616 sibi

310 1656 547 1696 dummodo
580 1656 633 1695 sit
667 1655 938 1707 dampnatus.
968 1651 1065 1691 Ideo
1101 1650 1316 1704 utrimque
1350 1662 1434 1688 non
1470 1648 1631 1687 medio-

252 1740 293 1762 20
311 1728 436 1767 criter
479 1735 656 1780 peccant
703 1725 776 1778 qui
825 1722 1006 1763 errando
1067 1729 1335 1775 postponunt
1390 1719 1538 1758 melius
1591 1727 1631 1757 et

311 1798 470 1847 eligunt
515 1796 656 1836 minus
706 1795 886 1833 bonum.
933 1792 1118 1841 Quando
1166 1804 1266 1843 ergo
1313 1789 1471 1829 dicitur
1516 1788 1632 1841 quod

311 1876 457 1907 oratur
503 1880 580 1920 pro
631 1867 878 1917 dampnato,
925 1861 1174 1914 intelligitur
1214 1861 1331 1915 quod
1364 1858 1634 1913 pretenditur

311 1950 431 1976 orare
464 1950 539 1990 pro
574 1950 638 1988 eo,
673 1935 788 1989 quod
822 1933 869 1974 fit
904 1946 1015 1973 nunc
1047 1933 1160 1972 licite
1194 1941 1234 1971 et
1268 1944 1380 1970 nunc
1416 1929 1537 1970 male.

371 2007 435 2046 Ad
481 2007 717 2046 secundum
764 2003 1140 2044 confirmacionem
1188 2001 1369 2041 admitto
1419 1999 1632 2039 cronicam
1707 2011 1752 2037 As
1774 2016 1803 2037 to
1824 2010 1873 2037 the

1605 2068 1611 2075 .
1664 2045 1804 2080 example
1825 2045 1837 2072 l
1859 2053 1913 2082 say

257 2081 295 2113 25
314 2087 352 2116 et
376 2077 470 2116 dico
494 2077 609 2129 quod
634 2089 708 2115 nec
730 2075 876 2114 beatus
896 2073 1127 2125 Gregorius
1152 2085 1227 2111 nec
1250 2072 1365 2111 Deus
1390 2071 1481 2124 ipse
1514 2069 1890 2150 SCiVItxxatg³ssiEraiin
1909 2116 1926 2143 d

1598 2139 1603 2144 .
1670 2123 1676 2132 ’
1767 2124 1781 2142 Θ
1808 2124 1839 2143 85
1868 2123 1905 2143 He

312 2147 546 2187 Traianum
572 2146 696 2186 fuisse
714 2146 993 2197 dampnatum
1012 2143 1062 2182 ad
1079 2156 1231 2196 penam
1249 2150 1515 2194 perpetuam,
1535 2152 1633 2192 quia
1650 2155 1680 2177 ιο
1709 2151 1745 2190 [qe
1772 2150 1927 2189 saved—by

314 2219 427 2257 Deus
444 2218 683 2258 eternaliter
708 2215 1011 2269 predestinavit
1034 2214 1269 2253 Traianum
1295 2213 1346 2251 ad
1369 2211 1570 2263 gloriam,
1595 2219 1633 2248 et
1649 2186 1925 2256 tligfixgssggzsrsffn

314 2291 421 2328 sicut
451 2288 692 2329 eternaliter
715 2286 926 2326 ordinavit
952 2298 1047 2325 eum
1074 2285 1123 2323 ad
1150 2296 1302 2337 penam
1327 2280 1634 2335 purgatoriam,

313 2360 369 2400 sic
404 2358 641 2399 eternaliter
675 2357 887 2397 ordinavit
927 2356 1042 2409 quod
1088 2354 1299 2394 mediante
1334 2350 1635 2391 intercessione

258 2432 300 2465 30
316 2430 425 2470 beati
451 2429 645 2482 Gregorii
668 2429 916 2480 salvaretur,
945 2427 1043 2480 quia
1078 2425 1281 2464 debemus
1317 2422 1486 2462 credere
1519 2421 1634 2474 quod

315 2514 389 2540 nec
414 2501 560 2540 beatus
584 2498 815 2552 Gregorius
840 2511 915 2537 nec
940 2499 1088 2536 beatus
1115 2496 1156 2534 in
1180 2495 1268 2534 celo
1301 2502 1438 2547 potest
1471 2500 1635 2531 mutare

315 2571 507 2611 divinum
541 2569 765 2609 consilium
799 2568 864 2607 vel
896 2581 970 2620 per
1004 2579 1147 2620 preces
1183 2574 1348 2604 mutare
1372 2564 1436 2602 vel
1469 2562 1636 2601 flectere

317 2654 440 2681 suum
476 2639 746 2694 propositum
793 2635 860 2692 (ut
899 2637 999 2676 dicit
1034 2636 1252 2675 decretum
1288 2634 1397 2674 beati
1432 2631 1635 2671 Jeronimi

372 2834 397 2863 5.
419 2835 446 2864 6.
470 2834 507 2862 B:
531 2841 591 2861 non
613 2841 669 2869 pro
690 2832 761 2860 illis.
880 2839 918 2860 12.
940 2829 1058 2858 Codd.:
1080 2837 1142 2866 quo
1164 2829 1212 2857 sit.
1351 2836 1399 2861 24.
1418 2827 1447 2855 A
1468 2827 1497 2854 in
1519 2834 1635 2861 marg.:

319 2883 400 2909 Nota
430 2881 467 2909 de
493 2880 628 2909 Traiano
656 2887 747 2915 quem
778 2879 861 2906 Deus
889 2886 943 2913 per
972 2877 1151 2905 oracionem
1173 2875 1318 2911 Gregorii
1347 2875 1385 2902 de
1406 2873 1635 2909 dampnacione

319 2928 467 2957 liberavit.
610 2925 656 2955 28.
676 2927 705 2954 A
726 2925 765 2953 B:
788 2925 830 2953 sic
851 2924 1035 2953 eternaliter.
