2045 3312
225 254 378 313 CAP.11.]
731 266 791 298 DE
817 264 1051 298 ECCLESIA.
1786 253 1833 293 33

114 386 150 419 G
180 386 204 418 5
279 374 395 425 Item,
435 385 561 411 nemo
601 370 647 410 fit
679 370 900 423 perplexus
940 384 987 409 ex
1019 370 1109 422 lege
1143 368 1296 408 Christi
1336 369 1546 422 obligatus
1560 377 1643 405 Such
1662 377 1837 417 subjection

130 432 206 464 ¹3²⁰
219 444 271 483 ad
302 440 574 496 impossibile,
607 440 678 480 sed
711 440 792 479 hoc
817 439 1076 493 contingeret
1100 438 1195 478 data
1217 437 1292 478 ista
1315 438 1544 479 sentencia:
1560 413 1838 487 3303223311335333

188 525 317 567 lergo
350 520 518 565 oportet
550 510 687 564 ipsam
719 524 807 550 esse
839 509 1123 549 mendacium.
1170 508 1311 548 Minor
1344 508 1547 562 probatur
1654 483 1743 511 lines.

220 596 292 637 per
330 582 411 621 hoc
450 581 567 634 quod
606 580 728 620 multi
762 579 941 620 infantes
973 579 1115 619 statim
1149 587 1247 632 post
1287 578 1547 632 baptismum

186 663 202 696 5
219 651 375 693 mortui
399 664 486 690 non
509 650 664 690 habent
693 649 980 703 prudenciam,
1014 658 1060 688 ut
1082 648 1218 688 taliter
1239 648 1402 688 subsint
1424 662 1547 702 pape,

219 736 293 763 nec
325 721 498 761 virtutes
530 719 667 760 infuse
705 719 910 759 inclinant
954 719 1005 759 ad
1049 719 1178 759 talem
1220 718 1548 769 subieccionem‚

220 793 326 833 sicut
356 792 559 832 inclinant
591 791 642 830 ad
679 789 991 830 subieccionem
1024 789 1201 829 domino
1234 789 1330 828 Jesu
1365 788 1546 828 Christo.

220 864 274 904 Et
304 863 416 903 idem
448 862 612 902 videtur
644 862 695 901 de
727 861 871 901 multis
904 859 1097 900 fidelibus
1131 859 1283 899 adultis
1309 859 1351 898 in
1376 858 1548 899 diversis

220 934 366 974 insulis
410 933 483 987 qui
521 946 659 986 neque
698 931 730 971 si
769 940 830 971 est
868 930 1114 970 huiusmodi
1154 944 1265 983 papa
1311 929 1546 969 audierunt.

182 1015 207 1048 2
279 1003 489 1054 Similiter,
523 1016 600 1056 pro
634 1011 824 1055 tempore
858 1001 1132 1041 intercidente
1161 1000 1269 1040 inter
1290 1008 1448 1039 mortes
1472 1013 1544 1052 pa·
1575 1008 1746 1036 Christians
1778 1016 1828 1036 are

221 1088 373 1128 parum
405 1082 503 1113 sunt
535 1071 748 1112 christiani
781 1085 887 1125 eque
920 1070 1064 1110 fideles
1107 1079 1153 1110 ut
1197 1079 1293 1110 ante
1326 1070 1390 1109 vel
1436 1079 1546 1124 post,
1586 1044 1735 1105 nsiiiiitiii
1756 1043 1817 1105 iiii?

222 1153 262 1184 et
294 1157 392 1184 cum
423 1152 524 1183 tunc
558 1156 643 1183 non
667 1151 765 1182 sunt
798 1142 854 1181 sic
887 1141 1056 1193 subditi,
1089 1140 1278 1194 sequitur
1306 1141 1423 1194 quod
1454 1113 1841 1183 talisniiixisiaissiiiggien

225 1213 434 1254 subieccio
486 1227 574 1253 non
625 1212 676 1252 sit
726 1213 776 1252 de
827 1211 1071 1252 necessitate
1124 1210 1269 1251 salutis
1329 1210 1551 1250 cuiuslibet

225 1283 451 1324 christiani.
493 1283 583 1323 Stat
614 1291 757 1322 autem
790 1281 995 1321 infantem
1024 1281 1066 1320 in
1099 1281 1171 1320 illo
1195 1280 1418 1320 meditulio
1441 1289 1548 1320 tem-

170 1365 205 1396 15
224 1354 337 1408 poris
370 1353 496 1405 nasci,
530 1352 729 1406 baptizari
764 1361 803 1392 et
834 1351 940 1391 mori
975 1365 1103 1405 quem
1127 1359 1297 1404 oportet
1321 1351 1551 1390 concedere

222 1424 383 1476 salvari,
429 1423 524 1463 licet
555 1436 642 1462 non
675 1422 726 1462 sit
758 1422 968 1462 subiectus
1000 1421 1072 1461 tali
1106 1422 1305 1461 Romano
1344 1419 1549 1474 pontifici.

183 1506 209 1538 3
228 1495 440 1547 Similiter,
474 1494 505 1534 si
530 1492 704 1533 ecclesia
725 1492 909 1532 militans
945 1492 1151 1544 indigeret
1188 1500 1358 1531 tantum
1390 1490 1552 1530 influxu

226 1565 352 1606 huius
384 1578 508 1618 pape,
552 1563 717 1603 videtur
750 1563 866 1617 quod
911 1562 1144 1616 decapitata
1191 1561 1360 1601 sentiret
1405 1562 1553 1601 saltem

228 1636 269 1675 in
309 1635 458 1675 effectu
503 1633 844 1674 subtraccionem
891 1632 1098 1686 suffragii3
1143 1632 1199 1672 sic
1244 1632 1358 1672 enim
1402 1631 1554 1684 periret

170 1726 210 1748 20
228 1714 369 1746 sancta
417 1714 551 1745 mater
596 1704 767 1744 ecclesia
820 1703 952 1743 eciam
1005 1703 1215 1754 interduo,
1269 1702 1347 1741 nisi
1386 1701 1556 1741 haberet

226 1775 499 1816 influenciam
545 1774 709 1814 domini
752 1774 848 1813 Jesu
894 1772 1061 1813 Christi.
1110 1773 1163 1813 Et
1210 1772 1242 1811 si
1291 1772 1432 1811 solum
1485 1784 1557 1825 per

226 1846 416 1886 accidens
448 1845 524 1885 iste
564 1844 717 1896 influit,
764 1845 987 1897 quomodo
1021 1852 1082 1884 est
1114 1843 1194 1883 hoc
1228 1844 1278 1883 de
1310 1842 1556 1895 necessitate

229 1916 371 1956 salutis
404 1912 598 1955 ecclesie?

188 1996 215 2028 4
288 1985 499 2037 Similiter,
522 1994 623 2025 tunc
646 1985 698 2024 ad
720 1984 1035 2037 perversionem
1057 1983 1219 2023 domini
1245 1996 1353 2037 pape
1377 1981 1555 2022 necessi-

173 2067 211 2099 25
229 2065 384 2096 taretur
426 2063 541 2095 totus
581 2055 769 2109 populus
808 2054 1055 2094 christianus
1088 2053 1281 2107 perverti,
1326 2066 1424 2093 cum
1455 2062 1557 2093 tunc

228 2125 420 2166 deficeret
452 2125 527 2165 sibi
562 2125 694 2177 salus3
727 2125 798 2165 sed
823 2124 994 2165 maioris
1018 2124 1144 2178 partis
1168 2124 1337 2164 ecclesie
1359 2122 1556 2177 potestati

229 2210 317 2236 non
359 2196 501 2236 subest
532 2195 649 2249 quod
681 2209 792 2249 papa
823 2195 876 2235 sit
907 2195 1121 2235 moraliter
1154 2195 1313 2235 bonus:
1349 2207 1448 2247 ergo
1480 2205 1556 2232 nec

233 2266 348 2320 quod
380 2265 471 2319 ipsa
495 2265 547 2306 sit
567 2265 783 2305 moraliter
804 2265 928 2305 bona.
961 2266 1100 2305 Nemo
1124 2264 1237 2305 enim
1260 2272 1400 2318 potest
1421 2263 1557 2302 dicere

229 2336 346 2390 quod
389 2349 412 2374 a
443 2349 553 2389 papa
596 2335 775 2389 prescito
821 2343 867 2375 ut
909 2335 1104 2375 membro
1149 2334 1304 2374 diaboli
1349 2333 1558 2387 dependet

172 2416 215 2449 30
231 2406 340 2446 salus
372 2405 593 2445 cuiuslibet
625 2404 851 2457 christiani,
884 2418 959 2445 nec
982 2405 1132 2459 aliquis
1155 2403 1285 2458 finget
1308 2404 1426 2458 quod
1448 2416 1556 2457 papa

231 2475 273 2515 in
306 2484 514 2530 quantum
546 2475 793 2515 huiusmodi
827 2475 878 2515 sit
910 2474 1183 2515 confirmatus
1216 2474 1258 2514 in
1291 2473 1440 2528 gracia.

191 2556 214 2588 5
289 2546 500 2598 Similiter,
517 2545 740 2599 supposito
764 2546 882 2599 quod
904 2559 1015 2598 papa
1037 2544 1272 2598 decrepitus
1296 2544 1414 2584 cedat
1428 2557 1556 2597 papa-

230 2615 293 2655 tui
326 2625 365 2656 et
389 2616 586 2656 succedat
605 2615 711 2655 alius
734 2615 876 2655 minus
903 2615 1055 2667 bonus,
1088 2615 1196 2654 sicut
1222 2614 1387 2654 videtur
1413 2613 1557 2653 multis

231 2685 501 2738 probabiliter
533 2684 662 2725 fuisse
695 2685 746 2724 de
780 2685 993 2725 Celestino
1028 2693 1067 2725 et
1098 2684 1316 2724 Bonifacio
1349 2684 1464 2725 V1110
1484 2683 1557 2737 qui

287 2783 334 2809 24.
355 2776 399 2804 25.
420 2775 459 2803 B:
487 2775 695 2804 nunciaretur.
803 2784 849 2813 29.
871 2776 917 2804 A:
946 2776 1033 2804 scito.
1062 2775 1102 2811 A¹
1122 2783 1204 2803 corr.
1225 2775 1255 2802 In
1277 2783 1381 2810 marg:
1409 2774 1557 2810 prescito.

290 2846 344 2888 34.
366 2848 540 2880 Celestine
565 2848 618 2888 V.‚
649 2846 710 2879 the
736 2848 967 2891 predecessor
991 2848 1032 2880 of
1053 2847 1219 2880 Boniface
1246 2847 1336 2880 VIII.
1363 2857 1435 2879 was
1462 2847 1558 2889 Pope

233 2904 322 2936 from
347 2906 426 2949 July
454 2905 484 2946 5,
515 2915 602 2949 ¹294
626 2912 663 2937 to
689 2906 772 2938 Dec.
804 2906 854 2945 13,
885 2917 982 2950 1294.

1425 2963 1442 2995 3
