2045 3312
167 254 243 294 130
889 266 1113 300 JOHANNIS
1140 267 1335 300 wvcmr.
1591 254 1696 312 [CAP.
1711 264 1762 293 vi.

447 371 656 412 humanas
690 372 814 412 nimis
854 373 979 413 dediti
1014 382 1112 413 sunt
1155 375 1333 426 mundo,
1377 373 1449 427 qui
1493 372 1597 413 olirn
1642 374 1767 413 dediti
1789 384 1921 426 1460M

447 450 546 482 sunt
578 441 810 482 ministerio
842 443 1094 496 apostolico,
1122 451 1369 496 contempto
1392 443 1614 497 temporali
1637 443 1769 495 lucro,

446 512 578 552 modo
600 521 769 552 econtra
787 513 971 553 totaliter
994 513 1161 553 inhiant
1184 513 1405 567 temporali
1430 514 1629 565 comodo,
1654 513 1766 553 inso-

443 581 578 623 lencia
609 584 826 623 mundana
860 592 898 623 et
936 583 1030 623 ocio
1070 583 1329 624 introducto.
1371 584 1424 624 Et
1469 594 1563 624 turn
1608 593 1768 625 extorta

445 662 544 693 sunt
575 653 771 694 nomina:
813 654 923 694 Nam
957 654 1029 708 qui
1077 654 1181 694 olim
1213 653 1490 695 nominarunt
1535 668 1575 694 se
1609 670 1632 695 a
1676 655 1800 696 Deo5

443 733 617 764 vocatos
650 724 884 778 apostolos,
924 724 1052 764 hodie
1093 725 1359 764 contendunt
1403 738 1444 764 se
1490 725 1766 778 permissione

443 793 584 833 divina
616 795 666 833 ab
699 794 873 834 homine
905 795 1019 834 nude
1052 795 1227 846 electos;
1261 794 1333 848 qui
1365 794 1468 835 olim
1491 796 1766 836 nominarunt

444 877 486 902 se
519 877 661 904 servos
695 864 859 904 domini
891 865 987 905 Jesu
1027 864 1196 915 Christi,
1242 864 1368 904 hodie
1413 875 1672 920 retorquent,
1719 875 1765 906 ut

441 934 717 975 nominentur
739 935 902 975 domini
925 934 1260 975 reverendissimi
1290 944 1329 975 et
1353 944 1490 988 patres
1521 936 1763 987 beatissimi,

440 1013 480 1044 et
503 1002 637 1059 (quod
653 1014 713 1045 est
731 1019 925 1045 summus
947 1006 1100 1059 gradus
1122 1003 1348 1061 ypocrisis)
1373 1015 1526 1046 vocant
1558 1020 1599 1046 se
1622 1021 1762 1046 servos
1783 1026 1822 1047 10

440 1089 657 1115 servorum
689 1075 779 1128 Dei,
812 1076 909 1116 licet
941 1076 1023 1115 sint
1054 1076 1095 1115 in
1129 1089 1268 1129 opere,
1303 1085 1342 1116 et
1374 1090 1447 1129 per
1485 1090 1761 1131 consequens,

438 1145 480 1184 in
514 1146 689 1186 nomine
721 1146 819 1186 reali
854 1146 957 1186 servi
991 1146 1180 1200 precipui
1206 1145 1334 1199 patris
1357 1147 1564 1186 mendacii
1582 1156 1621 1187 et
1644 1161 1760 1186 men-

438 1215 659 1256 dacissima
691 1218 880 1257 membra
920 1216 1088 1258 diaboli.
1135 1216 1189 1256 Et
1228 1216 1285 1256 sic
1331 1230 1497 1256 necesse
1543 1226 1603 1257 est
1648 1217 1761 1257 iuxta

437 1286 714 1340 propheciam
758 1287 959 1341 scripture
1004 1296 1050 1327 ut
1102 1296 1395 1340 pervertantur
1448 1287 1670 1327 mendacio
1723 1296 1762 1327 et

435 1357 617 1412 ypocrisi
664 1358 816 1412 singuli
867 1372 953 1398 non
988 1358 1120 1398 electi.
1171 1359 1298 1398 Tales
1343 1363 1500 1405 autem,
1547 1366 1593 1397 ut
1637 1358 1816 1398 docet15

435 1428 702 1482 Augustinus
735 1428 776 1468 in
801 1429 907 1468 libro
926 1429 988 1468 De
1008 1429 1105 1470 Vita
1128 1427 1378 1480 Christiana,
1402 1442 1488 1468 non
1511 1435 1613 1468 sunt
1634 1441 1757 1468 vera-

436 1503 546 1539 citer
577 1500 815 1540 christiani.

197 1582 366 1610 Acureis
493 1570 616 1610 Unde
663 1570 693 1609 si
740 1570 832 1624 quis
877 1571 1017 1610 zelans
1068 1583 1145 1623 pro
1189 1569 1381 1622 profectu
1427 1578 1567 1609 sancte
1614 1569 1807 1610 matrisN

142 1619 419 1681 ggsttegfngtgffi
435 1640 619 1691 ecclesie,
652 1640 810 1679 habens
833 1640 875 1678 in
898 1640 1041 1679 animo
1066 1638 1292 1679 scintillam
1313 1639 1476 1679 virtutis
1500 1640 1752 1690 constancie‚

143 1689 416 1751 stgptnthxgricicfflwiffi
433 1720 577 1763 posset
609 1710 742 1750 dicere
775 1710 893 1764 quod
924 1709 1079 1763 tyriaca
1103 1718 1164 1748 est
1196 1718 1339 1749 contra
1363 1719 1574 1749 exactores
1607 1710 1753 1749 huius-
1773 1729 1814 1751 20

433 1782 565 1833 modi,
598 1789 893 1835 extorquentes
927 1781 1015 1820 sine
1048 1793 1323 1833 recompensa
1356 1780 1450 1833 plus
1482 1780 1619 1820 debita
1644 1781 1754 1820 bona

432 1866 669 1906 pauperum
702 1861 844 1892 sancte
875 1850 1021 1891 matris
1054 1850 1223 1890 ecclesie
1266 1864 1313 1890 ex
1346 1850 1469 1890 titulo
1509 1852 1625 1904 quod
1659 1861 1755 1891 sunt

432 1924 622 1963 membra
654 1922 899 1976 principalia
933 1921 1122 1961 eiusdem
1156 1920 1300 1960 matris
1346 1920 1434 1960 sine
1479 1921 1642 1960 macula
1689 1922 1754 1961 vel

430 2008 548 2047 ruga,
582 1993 653 2048 qui
698 2001 878 2047 possunt
923 1991 1280 2045 temptacionibus
1327 2000 1366 2030 et
1409 1991 1754 2031 tribulacionibus

431 2064 749 2104 adversancium
791 2062 957 2103 concuti
1005 2063 1076 2102 sed
1121 2075 1206 2101 non
1253 2061 1437 2114 superari
1484 2075 1507 2101 a
1554 2062 1753 2101 membris
1771 2068 1809 2100 25

431 2134 584 2174 diaboli
610 2134 675 2173 vel
699 2133 924 2186 submergi,
949 2141 995 2172 ut
1017 2132 1162 2172 dicunt
1184 2132 1272 2170 iura
1306 2131 1508 2171 canonica
1540 2132 1590 2171 de
1612 2140 1754 2171 sancta

428 2213 560 2244 matre
605 2204 797 2244 ecclesia:
844 2204 938 2242 ideo
983 2217 1031 2242 ex
1065 2216 1134 2241 ore
1167 2201 1341 2255 proprio
1375 2202 1527 2241 debent
1560 2210 1752 2254 potentes

429 2275 578 2314 mundi
623 2276 674 2313 ab
727 2274 783 2313 cis
819 2273 1026 2328 requirere
1079 2273 1197 2326 quod
1249 2272 1474 2312 ostendant
1517 2272 1752 2311 secundum

430 2346 575 2385 eadem
611 2345 697 2384 iura
728 2344 1068 2398 procuratorium
1108 2342 1321 2383 sufficiens
1356 2342 1397 2381 in
1430 2342 1565 2382 fructu
1614 2342 1752 2395 operis

430 2416 546 2469 quod
593 2424 690 2454 sunt
733 2415 790 2454 illi
837 2415 991 2468 quibus
1037 2415 1147 2454 bona
1201 2422 1342 2453 sancte
1387 2412 1531 2452 matris
1579 2412 1750 2452 ecclesie
1768 2418 1808 2450 30

428 2495 526 2525 sunt
559 2486 697 2525 debita
729 2486 793 2525 vel
817 2486 987 2536 donata,
1021 2485 1119 2538 quia
1152 2484 1244 2524 dist.
1279 2484 1373 2524 XLa
1407 2482 1616 2523 scribitur:
1653 2482 1748 2521 Non

428 2563 682 2596 sanctorum
703 2556 795 2608 filii
825 2562 926 2596 sunt
957 2557 1030 2608 qui
1063 2562 1205 2595 tenent
1239 2555 1333 2594 loca
1369 2560 1636 2604 sanctorum,
1672 2552 1750 2591 sed

483 2678 502 2697 ι.
524 2670 641 2697 Sumus
661 2669 690 2696 in
713 2670 803 2696 codd.
818 2668 958 2697 correxi.
1034 2668 1062 2695 8.
1085 2669 1123 2695 13:
1139 2672 1321 2703 extorquent
1342 2672 1374 2695 ut
1393 2671 1554 2694 vocentur.
1629 2674 1657 2701 o.
1679 2665 1746 2692 Ain

430 2724 547 2750 marg:
569 2724 659 2752 papa.
803 2715 848 2743 30.
872 2716 911 2743 ss:
933 2716 1017 2751 quod
1040 2715 1109 2742 sint.
1280 2714 1318 2742 31.
1341 2715 1369 2742 Α
1390 2715 1419 2740 in
1443 2721 1557 2747 marg.:
1582 2712 1659 2739 liin.
1683 2711 1746 2738 XL.

428 2762 487 2790 Hic
508 2767 581 2790 nota
601 2767 709 2790 contra
731 2763 925 2789 sanctitatem
948 2770 1037 2798 pape.

491 2859 540 2890 16.
569 2869 642 2901 cap.
672 2859 728 2895 Vl,
755 2869 870 2901 comp.
897 2861 985 2901 Aug.
1014 2858 1104 2901 Opp.
1132 2857 1294 2900 Append.
1322 2856 1356 2887 in
1382 2863 1467 2887 tom.
1498 2855 1648 2897 V1,pag.
1674 2852 1747 2886 186.

430 2918 481 2949 31.
509 2918 607 2949 Decr.
636 2917 646 2948 1
675 2927 764 2959 pars,
792 2918 869 2948 dist.
899 2918 969 2957 XL,
997 2927 1072 2959 cap.
1100 2917 1145 2947 11:
1173 2917 1250 2948 Non
1278 2915 1470 2956 estsacile.
