2045 3312
203 255 245 292 ¹8
906 265 1131 297 JOHANNIS
1156 265 1351 298 wretir.
1647 250 1752 309 [ew
1774 263 1786 290 1

478 379 568 409 ture
600 379 639 409 et
668 379 836 410 motum
860 372 912 409 ad
935 371 1199 423 sequendum
1224 380 1350 424 caput
1373 370 1556 421 ecclesie,
1581 381 1680 410 tunc
1714 383 1798 410 non
1823 379 1900 412 130''
1918 382 1951 415 Ο

477 449 575 479 sunt
607 449 733 494 caput
755 440 796 479 in
820 440 984 480 civitate
1007 441 1096 491 Dei,
1127 442 1198 481 sed
1221 442 1261 481 in
1288 441 1452 481 civitate
1474 441 1627 480 diaboli
1653 440 1800 493 capitis

479 510 724 563 perimendi,
774 511 873 564 quia
917 511 1012 564 Sap.
1048 512 1138 563 VIO,
1180 513 1217 563 6,
1263 526 1356 552 vere
1404 511 1572 551 dicitur:
1625 511 1799 551 Durum

480 581 686 621 iudicium
726 582 809 621 hiis
841 583 913 634 qm·
938 589 1126 634 presunt
1144 582 1240 636 fiet.
1276 582 1389 623 Cum
1422 595 1519 635 ergo
1553 595 1629 622 nos
1661 582 1802 622 miseri

478 651 723 705 ignoramus
753 651 783 690 si
808 665 955 691 sumus
978 653 1028 692 ad
1052 653 1246 692 celestem
1272 654 1501 693 Jerusalem
1518 652 1801 706 predestinati,
1817 661 1834 694 5

187 729 367 791 quxssiltjigoilp
382 737 463 792 Siag-
481 722 615 776 (quod
648 731 789 761 tamen
823 736 870 761 ex
903 722 1071 776 speciali
1104 723 1362 763 revelacione
1384 723 1622 763 habuerunt
1651 723 1801 777 sancti)

207 780 294 826 ‘sess
311 805 341 827 10
363 800 410 826 be.
479 801 593 845 patet
625 794 740 846 quod
773 792 905 832 nimia
937 794 1207 847 presumpcio
1246 793 1354 834 foret
1386 794 1507 834 nobis
1540 794 1804 848 pertinaciter

479 876 658 902 asserere
703 863 819 916 quod
864 877 1012 903 sumus
1051 864 1186 918 capita
1220 864 1510 918 cuiuscunque
1543 864 1803 918 particularis

479 932 648 972 ecclesie
693 946 777 986 que
821 932 928 973 foret
971 948 1067 987 pars
1112 943 1253 974 sancte
1297 935 1441 975 matris
1475 935 1658 986 ecclesie,
1703 934 1803 988 quia

479 1011 632 1042 notum
673 1011 734 1042 est
775 1017 822 1042 ex
863 1004 1062 1044 concordi
1104 1004 1350 1044 testimonio
1395 1014 1639 1045 sanctorum
1685 1005 1860 1058 quodxo

479 1073 620 1112 nullus
648 1073 850 1126 prescitus
873 1083 934 1114 est
955 1074 1021 1114 vel
1043 1075 1286 1114 membrum
1308 1075 1440 1128 ipsius
1464 1075 1645 1115 ecclesie.
1683 1075 1802 1123 Quo-

479 1143 610 1182 modo
645 1157 742 1197 ergo
776 1154 1036 1196 presumeret
1068 1145 1218 1198 aliquis
1252 1154 1445 1185 nostrum
1477 1159 1658 1185 asserere
1687 1145 1803 1198 quod

478 1213 529 1252 sit
562 1222 701 1266 caput,
735 1227 833 1253 cum
866 1215 976 1256 Eccl.
1012 1215 1102 1266 IXO,
1143 1229 1174 1266 1,
1214 1229 1308 1255 vere
1347 1215 1497 1255 dicitur
1529 1216 1646 1269 quod
1679 1228 1802 1256 nemo

479 1284 579 1323 talis
610 1285 708 1334 scit,
742 1292 886 1324 utrum
928 1287 982 1325 sit
1027 1285 1188 1339 dignus
1227 1299 1376 1326 amore
1421 1287 1488 1326 vel
1531 1286 1629 1326 odio
1661 1286 1803 1339 quoad

477 1354 885 1406 predestinacionem
918 1356 984 1394 vel
1016 1356 1376 1409 reprobacionem.
1411 1357 1586 1409 Insuper
1617 1356 1649 1395 si
1673 1356 1859 1408 respi-15

478 1424 612 1464 cimus
635 1426 687 1464 ad
710 1439 880 1465 sensum
903 1435 943 1465 et
972 1435 1142 1465 motum
1172 1440 1279 1480 quos
1302 1426 1345 1465 in
1369 1426 1559 1466 subditos
1583 1425 1801 1465 influimus

479 1504 518 1534 et
560 1509 607 1534 ex
651 1494 732 1534 alio
774 1495 902 1535 latere
939 1496 991 1535 acl
1026 1497 1247 1549 speculum
1280 1497 1483 1550 scripture
1520 1497 1635 1536 iuxta
1673 1510 1803 1550 quam

477 1574 613 1605 totam
645 1565 775 1605 vitam
808 1575 994 1606 nostram
1028 1567 1331 1620 regularemus,
1371 1566 1620 1619 eligeremus
1653 1567 1800 1620 pocius

478 1635 616 1674 vocari
659 1635 764 1675 servi
811 1646 850 1676 et
894 1636 1071 1676 ministri
1119 1637 1289 1677 ecclesie
1334 1650 1463 1691 quam
1509 1637 1657 1690 capita,
1704 1650 1800 1677 cum

478 1715 630 1745 notum
649 1706 713 1757 sit,
737 1706 768 1744 si
794 1720 880 1746 non
904 1706 1080 1747 facimus
1103 1706 1294 1747 officium
1317 1707 1518 1761 capitatis,
1545 1721 1631 1746 non
1656 1721 1801 1747 sumus
1819 1725 1861 1746 20

235 1794 409 1830 Augustine
479 1776 626 1829 capita,
660 1776 760 1829 quia
792 1778 1028 1816 secundum
1061 1777 1351 1831 Augustinum
1382 1778 1424 1816 in
1457 1777 1598 1817 libello
1632 1791 1709 1817 suo
1742 1778 1804 1818 De

188 1831 419 1894 ..1{{{E¹¹1¹13{11²¹
438 1863 462 1890 is
478 1847 634 1886 Decem
661 1846 811 1886 Cordis
837 1848 1023 1887 maritus
1048 1861 1285 1900 perversus
1308 1861 1391 1888 non
1417 1855 1479 1888 est
1501 1855 1632 1900 caput
1653 1849 1806 1888 uxoris

189 1899 567 1963 ¹¹⁰tiii¹ssx¹x¹1eiffd⁰¹szte‚
601 1917 737 1956 multo
770 1916 902 1970 magis
931 1917 1172 1970 prepositus
1205 1918 1375 1958 ecclesie
1409 1917 1479 1972 qui
1513 1932 1614 1972 pure
1637 1918 1807 1958 haberet

478 2000 501 2025 a
534 1987 624 2025 Deo
665 1986 910 2040 dignitatem
952 1987 1211 2040 huiusmodi,
1251 1989 1283 2027 si
1316 2003 1339 2028 a
1372 1988 1540 2028 Christo
1569 1989 1802 2041 degenerat.

478 2057 600 2096 Unde
644 2066 873 2110 postquam
907 2058 1172 2111 Augustinus
1217 2059 1456 2099 ostenderat
1488 2060 1605 2112 quod
1626 2058 1803 2112 femina
1821 2065 1860 2097 25

480 2139 578 2166 vere
612 2128 851 2167 christiana
885 2127 1006 2167 debet
1037 2128 1185 2169 dolere
1218 2129 1268 2167 de
1303 2127 1585 2168 fornicacione
1610 2128 1684 2167 viri
1718 2142 1802 2168 non

470 2204 654 2249 propter
693 2210 871 2237 carnem
911 2198 987 2237 secl
1018 2206 1205 2251 propter
1239 2200 1467 2238 caritatem
1502 2207 1541 2238 et
1574 2198 1806 2238 castitatem

477 2267 661 2307 debitam
687 2267 775 2306 viro
800 2267 982 2317 Christo,
1017 2268 1117 2308 dicit
1141 2278 1447 2322 consequenter
1469 2269 1586 2322 quod
1609 2269 1805 2309 Christus

478 2338 670 2390 loquitur
701 2339 744 2377 in
791 2338 994 2378 cordibus
1027 2337 1307 2390 feminarum
1354 2340 1582 2390 bonarum,
1629 2340 1701 2379 ubi
1739 2340 1806 2379 vir

479 2420 562 2447 non
598 2408 719 2447 audit
752 2407 911 2447 dicens:
958 2408 1071 2448 Dole
1106 2409 1157 2449 de
1193 2411 1279 2450 viri
1310 2411 1371 2450 tui
1404 2410 1580 2450 iniuriis
1612 2409 1686 2449 sed
1718 2410 1862 2449 noli-30

479 2479 659 2526 imitari,
701 2479 801 2531 quin
833 2480 991 2530 pocius
1023 2480 1112 2531 ipse
1146 2485 1183 2519 te
1218 2480 1408 2520 imitetur
1439 2481 1482 2520 in
1517 2480 1640 2519 bono.
1692 2479 1802 2518 Nam

538 2591 613 2618 213:
636 2590 777 2626 capitatis
800 2591 984 2626 perimendi.
1059 2592 1082 2619 [³.
1098 2590 1159 2618 liin
1175 2601 1277 2627 marg:
1300 2592 1435 2628 Sap.VI.
1510 2593 1677 2625 4rl31cum
1697 2592 1804 2627 igitur:

480 2638 523 2665 sic
545 2643 571 2665 et
593 2638 621 2665 iu
644 2638 784 2672 pluribus
805 2638 879 2664 locis
902 2638 1102 2673 sequentibus
1125 2639 1265 2666 eiusdem
1287 2640 1415 2667 codicis.
1545 2640 1572 2667 6.
1595 2640 1632 2666 ss:
1656 2644 1805 2675 quantum

480 2692 514 2711 ex
536 2684 672 2720 speciali.
747 2692 837 2719 9—11.
855 2685 951 2719 AA1:
975 2685 1103 2712 ecclesie
1123 2701 1155 2704 —
1177 2687 1353 2713 membrum
1376 2687 1474 2715 deest.
1549 2685 1586 2713 13.
1609 2686 1630 2713 Β
1651 2686 1679 2713 in
1701 2693 1804 2719 marg:

480 2731 559 2758 Eccl.
574 2731 636 2758 lX‘'.
713 2739 753 2764 ις).
776 2730 814 2757 Β;
836 2731 958 2766 capitis.
1064 2739 1103 2758 21.
1125 2733 1152 2758 Α
1167 2732 1188 2759 B
1209 2732 1237 2759 in
1261 2740 1364 2767 marg:
1387 2733 1593 2767 Augustinus.
1615 2733 1686 2759 Ain
1704 2739 1805 2765 marg:

480 2776 534 2804 Vir
547 2785 713 2812 perversus
732 2785 793 2803 non
814 2782 858 2804 est
875 2782 965 2812 caput
986 2778 1091 2804 uxoris
1112 2786 1168 2804 uec
1188 2783 1233 2805 est
1251 2787 1305 2813 per
1319 2779 1418 2814 ipsam
1432 2779 1610 2806 imitandus.
1625 2778 1646 2805 1³,
1660 2779 1687 2806 in
1702 2787 1803 2814 marg:

483 2822 611 2851 Maritus
633 2832 798 2859 perversus
821 2832 880 2851 nou
903 2830 949 2852 est
971 2831 1061 2859 caput
1084 2826 1200 2852 uxoris.
1316 2826 1358 2853 25.
1382 2825 1403 2852 13
1426 2826 1452 2852 in
1476 2832 1578 2859 marg:
1601 2826 1804 2859 Augustinus.

542 2918 592 2938 η.
621 2908 727 2950 (Zapp.
757 2908 796 2939 ΙΙΙ
825 2916 855 2939 et
884 2909 937 2939 IX.
967 2910 1054 2950 Aug.
1083 2910 1174 2951 Opp.
1205 2911 1244 2949 V,
1277 2920 1302 2950 1,
1331 2910 1385 2946 50,
1414 2909 1466 2940 56.
