2045 3312
280 259 369 288 cm)⁴
391 247 504 307 xvii]
782 260 841 291 DE
869 258 1107 292 ECCLESIA.
1817 245 1867 300 39
1881 260 1888 284 ¹

130 382 164 415 Β
189 379 266 414 183¹>
281 369 373 422 gavi
409 367 619 422 superius)
669 366 725 405 sic
759 364 899 405 scribit
932 377 1055 417 super
1088 363 1258 403 Psalmo
1293 362 1485 403 CXL110:
1527 362 1607 402 Ec-

281 439 408 480 clesia
441 451 520 490 que
554 443 616 477 est
653 436 810 476 mulier
842 435 1037 488 antiqua,
1075 434 1222 474 civitas
1255 434 1338 473 Dei
1369 440 1406 473 et
1450 446 1609 486 corpus

286 509 454 558 Christi,
499 507 623 547 hahet
668 506 841 545 inicium
875 505 927 544 ab
960 505 1077 552 Abel,
1117 504 1226 543 sicut
1258 504 1373 543 mala
1407 504 1552 544 civitas
1584 517 1608 542 α

288 583 437 634 Caym.
472 578 596 619 Unde
628 577 670 615 in
703 576 809 615 libro
833 576 894 615 De
919 574 1226 624 Questionibus
1250 574 1398 613 veteris
1435 583 1473 613 et
1502 587 1610 613 nove

251 662 266 693 5
283 649 385 703 legis
403 663 441 702 q.
460 648 532 688 IIIa
556 647 736 687 declarat
759 646 981 699 quomodo
1005 644 1107 684 fides
1132 644 1303 684 ecclesie
1319 644 1516 683 successit
1539 657 1611 696 per

283 720 475 760 ordinem
498 718 539 758 in
563 716 714 758 electis.
739 715 804 755 Ab
828 716 967 767 inicio,
991 714 1140 769 inquit,
1164 727 1306 769 genus
1329 722 1391 755 est
1415 714 1608 754 christia-

284 804 454 842 norum,
488 789 662 843 priores
695 799 800 841 ergo
833 787 1025 826 homines
1056 792 1261 840 quotquot
1290 784 1430 838 fidem
1479 785 1609 824 habu-

287 868 412 901 erunt
445 860 573 899 unius
601 858 686 898 Dei
717 858 811 897 iure
845 857 1067 897 christiani
1110 855 1280 896 dicendi
1322 863 1435 896 sunt.
1491 856 1612 896 Unde

285 931 392 971 sicut
424 943 510 970 non
543 928 752 982 sequitur:
786 941 860 981 per
882 936 1051 981 tempus
1083 926 1231 967 veteris
1264 926 1501 966 testamenti
1525 939 1611 965 non

230 1001 364 1044 1ofuit
396 1009 548 1040 vocata
580 998 726 1052 religio
762 997 1000 1049 christiana,
1033 1010 1131 1050 ergo
1154 1005 1256 1036 tunc
1288 1009 1376 1035 non
1410 995 1488 1036 fuit
1518 994 1611 1035 reli-

286 1072 371 1125 gio,
405 1071 461 1111 ita
494 1083 581 1109 non
614 1068 826 1122 sequitur:
873 1076 973 1107 tunc
1013 1080 1099 1106 non
1146 1066 1223 1107 fuit
1255 1075 1402 1106 vocata
1442 1065 1614 1120 ecclesia

287 1141 525 1191 christiana,
560 1153 658 1193 ergo
691 1147 794 1178 tunc
831 1151 918 1176 non
953 1137 1030 1177 suit
1062 1137 1247 1177 ecclesia.
1294 1137 1411 1177 Sicut
1443 1136 1615 1177 ecclesia

287 1213 496 1261 Romana,
524 1223 622 1250 cum
656 1208 707 1248 sit
741 1207 986 1247 universalis
1011 1207 1197 1259 ecclesia,
1222 1207 1293 1247 diu
1328 1207 1406 1247 fuit
1428 1207 1613 1258 ecclesia,

287 1292 519 1336 antequam
566 1280 643 1320 fuit
690 1278 861 1327 ecclesia
905 1279 1113 1330 Romana,
1172 1278 1269 1332 quia
1315 1291 1614 1332 quemcunque

235 1353 433 1395 1510cum
465 1350 613 1391 mundi
648 1349 869 1390 incoluerit
902 1362 1068 1401 semper
1098 1357 1241 1388 manet
1285 1348 1470 1396 ecclesia,
1517 1362 1615 1389 cum

287 1423 390 1463 fides
424 1431 463 1462 et
495 1419 804 1475 predestinacio
838 1432 925 1459 non
950 1419 1190 1472 dependent
1222 1433 1243 1458 a
1266 1419 1360 1459 loco
1395 1432 1613 1472 corporeo.

244 1502 274 1536 G
350 1493 449 1532 Ideo
484 1499 650 1545 oportet
683 1499 828 1530 notare
868 1490 1092 1543 quomodo
1140 1489 1290 1529 accidit
1334 1489 1504 1529 ecclesie
1541 1490 1611 1528 de·
1651 1504 1721 1533 Tne
1742 1513 1832 1533 name
1852 1504 1878 1532 is

290 1561 532 1603 nominacio
565 1575 587 1600 a
619 1561 714 1600 loco
749 1570 788 1600 et
821 1559 1119 1600 denominacio
1152 1574 1174 1599 a
1198 1569 1346 1599 natura
1370 1568 1502 1599 creata
1536 1541 1907 1604 sube²¹5052¹3¹321¹³135³333t

290 1633 464 1674 nomine
498 1632 581 1681 tali,
606 1632 677 1671 sed
701 1644 774 1684 per
796 1645 838 1670 se
867 1630 974 1670 inest
995 1631 1071 1670 sibi
1095 1630 1392 1670 denominacio
1415 1644 1437 1669 a
1467 1630 1614 1683 capite,
1645 1611 1888 1683 tjlssingtiuiffiieis

232 1725 275 1748 20
290 1704 406 1759 quod
440 1716 553 1742 nunc
585 1711 646 1742 est
685 1700 890 1751 Christus,
938 1702 1052 1741 Deus
1086 1711 1124 1741 et
1163 1701 1317 1753 homo;
1362 1700 1441 1740 fuit
1472 1710 1614 1741 autem
1723 1682 1812 1715 head’

291 1783 416 1828 caput
439 1772 610 1813 ecclesie
633 1780 862 1825 antequam
885 1770 963 1812 fuit
986 1772 1132 1812 homo.
1170 1771 1269 1811 Ideo
1294 1770 1401 1811 foret
1424 1770 1613 1825 nephan-

292 1845 397 1884 dum
428 1843 649 1896 sophisma
684 1843 913 1882 concedere
936 1843 1054 1896 quod
1076 1851 1176 1882 tunc
1201 1855 1287 1881 non
1320 1841 1398 1881 fuit
1431 1841 1615 1892 ecclesia,

291 1915 387 1955 licet
419 1913 589 1954 ecclesia
623 1912 745 1953 fuerit
778 1921 878 1952 tunc
911 1927 985 1966 per
1011 1913 1150 1953 locum
1185 1926 1207 1952 a
1240 1912 1365 1952 simili
1398 1913 1516 1966 quod
1551 1926 1614 1952 ec-

293 1984 416 2025 clesia
446 1985 642 2024 Romana
680 1983 745 2023 vel
778 1983 1001 2023 christiana
1045 1982 1135 2034 fuit,
1184 1984 1355 2037 quando
1400 1983 1490 2036 ipsa
1529 1997 1614 2022 non

236 2071 276 2103 25
294 2054 371 2094 fuit
415 2055 605 2094 Romana
661 2053 726 2093 vel
782 2062 929 2093 vocata
977 2052 1210 2093 christiana.
1266 2053 1446 2106 Oportet
1504 2053 1616 2092 enim
1667 2079 1727 2106 and
1751 2083 1865 2105 cannot

295 2125 550 2178 distinguere
582 2125 689 2165 inter
720 2139 794 2178 per
817 2139 859 2165 se
881 2134 921 2164 et
953 2139 1026 2178 per
1048 2124 1251 2164 accidens.
1287 2123 1471 2163 Ecclesia
1504 2124 1617 2163 enim
1632 2113 1908 2184 execeeagtebtyofgffihg

296 2209 382 2236 non
430 2204 570 2248 potest
616 2195 802 2235 desinere
851 2209 938 2235 esse
987 2195 1171 2245 ecclesia,
1217 2194 1323 2233 sicut
1355 2207 1430 2233 nec
1477 2184 1813 2248 aliquaaxvayfrom
1834 2183 1909 2211 him·

298 2276 485 2308 creatura
517 2275 657 2319 potest
690 2265 877 2306 desinere
911 2279 997 2306 esse
1019 2265 1262 2305 membrum
1285 2264 1440 2305 Christi
1463 2264 1616 2304 mistici

295 2335 361 2391 (ut
394 2337 573 2377 declarat
605 2335 870 2389 Augustinus
903 2336 991 2387 1110,
1054 2335 1114 2374 De
1149 2335 1349 2375 Doctrina
1382 2333 1618 2374 Christiana

239 2423 280 2455 30
296 2406 505 2462 XXX110).
554 2407 675 2448 Unde
709 2407 824 2460 quod
858 2406 1029 2446 ecclesia
1060 2415 1208 2446 vocata
1241 2415 1301 2445 est
1333 2405 1410 2444 sub
1442 2405 1618 2445 nomine

299 2476 469 2517 ecclesie
501 2491 578 2530 pro
610 2485 800 2530 tempore
822 2475 971 2516 veteris
993 2475 1246 2527 testamenti,
1279 2485 1393 2530 patet
1421 2475 1620 2516 scrutanti

352 2635 372 2654 1.
393 2634 418 2654 2.
437 2628 467 2655 A
486 2627 517 2655 in
539 2633 654 2661 marg.:
676 2625 825 2654 Ecclesia.
969 2626 1011 2653 16.
1032 2626 1061 2653 A
1079 2625 1110 2653 in
1132 2633 1247 2660 marg.:
1275 2625 1366 2653 Nota.
1476 2633 1514 2660 ¹7·
1535 2625 1556 2651 B
1579 2626 1609 2653 in

298 2681 413 2709 marg.=
442 2672 669 2701 Denominacio
704 2672 815 2701 accidit
848 2672 975 2701 ecclesie
1006 2672 1176 2708 tripliciter.
1320 2680 1368 2709 29.
1395 2673 1422 2700 A
1451 2671 1481 2699 in
1503 2679 1616 2706 marg:

300 2720 511 2756 Augustinus.

363 2838 508 2882 1.Opp.
547 2840 637 2880 Aug.
678 2846 761 2871 tom.
801 2839 857 2879 IV,
897 2848 976 2882 pars
1016 2839 1057 2879 ΙΙ,
1096 2848 1174 2881 pag.
1219 2837 1315 2880 1589.
1461 2837 1492 2871 5.
1532 2835 1617 2869 ibid.

297 2904 383 2930 tom.
410 2897 463 2937 111,
492 2898 650 2940 Append.
680 2906 756 2939 pag.
782 2907 839 2938 44.
