2045 3312
145 276 195 302 22
864 274 1088 306 JOHANNIS
1115 274 1313 306 WYCLIF.
1609 260 1712 320 [cArz
1737 273 1758 300 1.

145 389 212 417 One
243 389 319 416 head
341 397 420 427 *may
436 379 640 431 ordinata,
688 379 794 419 sicut
825 379 939 418 idem
977 380 1164 432 populus
1197 379 1322 420 habet
1354 380 1513 420 multos
1546 380 1759 432 dominos,
1780 391 1911 426 1302113,

143 424 572 489 bexosxggfffipateunum
616 449 941 489 subordinatum
988 449 1104 488 alteri
1159 447 1285 504 (sicut
1336 459 1449 503 patet
1499 451 1541 489 in
1588 450 1761 490 materia

436 519 577 574 civili).
612 520 665 560 Et
697 520 754 559 sic
786 519 950 559 videtur
977 519 1110 560 dicere
1133 521 1250 573 quod
1274 522 1420 561 eadem
1444 520 1614 560 ecclesia
1636 521 1760 561 habet

435 591 569 630 multa
641 589 776 643 capita
846 588 1039 629 ordinata
1103 590 1339 629 secundum
1402 590 1575 630 inferius
1634 599 1759 644 atque

434 660 638 713 superius.
1777 671 1793 704 5

492 730 572 770 Hic
604 730 754 769 dicitur
787 730 905 783 quod
937 729 1050 770 idem
1083 743 1237 783 corpus
1269 729 1440 770 ecclesie
1471 730 1595 770 habet
1626 731 1759 770 multa

434 800 582 854 capita,
615 809 661 840 ut
693 800 878 854 quelibet
909 800 1167 853 particularis
1201 799 1373 839 ecclesia
1405 800 1529 840 habet
1560 801 1612 840 ad
1635 801 1758 840 mini-

433 884 556 910 mum
586 870 663 910 tria
697 870 844 924 capita,
878 870 1032 911 scilicet
1065 870 1340 922 divinitatem,
1375 869 1531 910 Christi
1563 871 1759 910 humani-

143 949 563 980 TheClmrchhastatem
592 950 631 981 et
683 940 952 994 capitaneum
994 941 1105 981 illius
1151 940 1333 981 ecclesie.
1382 941 1567 980 Ecclesia
1617 950 1759 981 autem

142 987 420 1060 cn‘sl‘ss‘ssssshciixfiiiny
435 1010 678 1050 universalis
724 1025 805 1065 que
850 1020 910 1051 est
953 1020 1095 1051 totum
1137 1024 1290 1064 corpus
1339 1010 1493 1051 Christi
1544 1011 1818 1055 misticum10

141 1056 201 1084 and
231 1057 418 1128 liiityliuma‘
432 1080 558 1121 habet
610 1081 695 1121 duo
750 1081 900 1134 capita,
954 1081 1109 1121 scilicet
1161 1090 1287 1134 caput
1339 1081 1619 1121 extrinsecum
1673 1095 1756 1135 que

435 1160 496 1191 est
539 1150 733 1192 divinitas
780 1161 820 1191 et
870 1161 996 1205 caput
1050 1152 1324 1191 intrinsecum
1371 1165 1454 1205 que
1496 1161 1555 1192 est
1604 1151 1756 1192 Christi

432 1221 688 1273 humanitas,
723 1231 762 1262 et
792 1223 924 1262 modo
964 1221 1161 1262 ineffabili
1210 1222 1405 1263 divinitas
1438 1231 1478 1262 et
1519 1221 1760 1262 humanitas

435 1290 587 1332 Christi
633 1301 732 1332 sunt
771 1293 857 1332 duo
900 1293 1036 1345 capita
1079 1293 1217 1333 tocius
1251 1292 1422 1333 ecclesie
1467 1302 1506 1333 et
1550 1306 1649 1332 cum
1679 1292 1760 1332 hoc

142 1380 174 1399 as
188 1372 418 1435 figergeclassrtgstwo
434 1362 566 1402 eciam
586 1375 721 1401 unum
746 1371 890 1415 caput:
926 1362 1041 1402 Sicut
1063 1362 1173 1402 filius
1197 1372 1236 1403 et
1258 1363 1427 1416 spiritus
1461 1372 1628 1403 sanctus
1661 1371 1759 1403 sunt
1778 1369 1815 1402 15

364 1429 371 1444 '
433 1446 543 1472 unus
586 1432 824 1486 paraclitus,
865 1433 1142 1486 intelligendo
1182 1434 1458 1487 principative
1505 1434 1569 1473 vel
1617 1447 1754 1473 essen-

172 1513 232 1540 and
253 1518 302 1549 yet
322 1520 390 1540 one.
434 1502 601 1555 cialiter,
654 1511 693 1543 et
744 1512 885 1542 tamen
937 1513 1034 1543 sunt
1094 1504 1178 1544 duo
1230 1504 1432 1558 paracliti,
1486 1503 1757 1557 intelligendo

432 1572 705 1626 personaliter
727 1572 845 1627 (cum
866 1573 958 1613 Joh.
982 1574 1113 1625 X1V0,
1155 1574 1199 1613 16
1230 1574 1398 1615 dicitur:
1432 1575 1528 1628 Ego
1547 1573 1572 1601 ²3²
1590 1575 1758 1627 rogaho
1778 1580 1856 1613 131¹*

428 1649 598 1694 patrem
632 1650 671 1682 et
702 1644 837 1683 alium
863 1644 1132 1695 paraclitum
1168 1644 1286 1684 dabit
1310 1643 1469 1699 vobis):
1490 1644 1546 1684 sic
1569 1644 1644 1684 iste
1678 1644 1759 1684 due

435 1721 582 1752 nature
621 1722 717 1752 sunt
752 1713 838 1752 duo
875 1713 1010 1766 capita
1050 1714 1233 1765 ecclesie,
1273 1725 1312 1754 et
1350 1724 1488 1754 tamen
1527 1724 1624 1754 sunt
1666 1727 1757 1767 per·
1776 1729 1818 1752 20

434 1782 632 1822 sonaliter
654 1796 789 1822 unum
813 1792 951 1836 caput.
985 1783 1258 1823 Particulares
1281 1792 1423 1823 autem
1447 1784 1629 1837 ecclesie,
1653 1783 1760 1824 sicut

434 1851 511 1892 fuit
548 1853 726 1905 pusillus
763 1866 862 1906 grex
895 1853 961 1893 cui
994 1854 1230 1906 presidebat
1274 1863 1441 1894 sanctus
1474 1855 1633 1905 Petrus,
1667 1868 1754 1893 non

433 1932 547 1962 erant
579 1923 659 1963 nisi
690 1923 911 1963 iuvencule
956 1924 1090 1964 tocius
1132 1923 1274 1963 matris
1308 1924 1492 1975 ecclesie,
1520 1924 1647 1964 sicut
1691 1938 1757 1963 ex-

434 1992 554 2046 ponit
599 1992 825 2046 Gregorius
858 1994 975 2033 XIXO
1009 1993 1236 2033 Moralium
1275 2008 1364 2047 cap.
1398 1994 1507 2045 VIII,
1546 1994 1758 2034 declarans

434 2071 589 2102 etatem
621 2063 792 2103 ecclesie
814 2065 1036 2116 quomodo
1070 2065 1111 2104 in
1132 2065 1352 2117 principio
1375 2064 1472 2118 fuit
1493 2078 1622 2106 soror
1645 2079 1755 2118 par-
1777 2069 1816 2102 25

436 2134 550 2182 vula,
585 2146 740 2174 carens
775 2135 977 2174 uberibus
1003 2134 1339 2187 predicacionis.
1374 2136 1497 2175 Unde
1529 2136 1585 2176 sic
1618 2135 1758 2175 infert:

440 2203 649 2244 Universe
667 2205 822 2257 quippe
838 2206 1015 2245 ecclesie
1039 2218 1117 2258 que
1143 2218 1273 2244 unam
1301 2205 1556 2246 catholicam
1579 2205 1761 2259 faciunt

434 2274 753 2315 adolescentule
804 2281 1031 2315 vocantur.
1096 2276 1218 2315 Unde
1277 2276 1449 2316 beatum
1500 2277 1670 2316 Petrum
1722 2285 1760 2315 et

433 2344 532 2384 alias
564 2345 831 2398 particulares
865 2346 1056 2385 ecclesias
1079 2355 1201 2385 vocat
1234 2347 1423 2386 membra
1456 2346 1565 2386 illius
1589 2345 1757 2385 ecclesie

434 2429 563 2468 quam
607 2415 771 2455 leenam
821 2416 1026 2467 nominat,
1074 2415 1293 2456 Christum
1336 2430 1433 2456 vero
1478 2417 1647 2455 leonem
1692 2413 1758 2469 (ut
1775 2419 1815 2451 30

492 2572 512 2590 ι.
534 2563 572 2590 B:
597 2564 709 2592 inultos
732 2565 826 2592 deest.
952 2566 980 2593 6.
1002 2566 1029 2592 Λ
1051 2565 1078 2592 in
1103 2573 1205 2599 marg:
1228 2564 1410 2600 Responsio.
1435 2564 1565 2592 Notatur
1586 2564 1623 2591 de
1644 2564 1755 2599 capiti-

435 2611 491 2637 bus
512 2611 652 2637 ecclesie.
745 2612 771 2637 δ’.
792 2611 835 2637 A:
859 2611 1013 2639 deitatem.
1115 2619 1153 2639 12.
1176 2610 1212 2638 13.
1236 2613 1279 2639 A:
1302 2611 1408 2638 deitas.
1507 2620 1538 2646 9.
1559 2611 1580 2638 B
1602 2611 1631 2638 in
1653 2619 1755 2644 marg:

437 2657 586 2684 Divinitas
608 2657 736 2684 ecclesie
759 2658 940 2685 universalis
962 2664 1006 2685 est
1028 2664 1119 2694 capnt
1142 2658 1362 2689 extrinsecum,
1384 2657 1559 2684 hnmanitas
1573 2656 1688 2684 Christi
1709 2657 1756 2684 in-

435 2703 604 2731 trinsecum
626 2704 691 2731 cius
713 2709 757 2731 cst
778 2709 880 2739 caput.
969 2704 1005 2731 15.
1028 2704 1065 2731 15:
1088 2705 1184 2732 eciam
1207 2705 1302 2732 deest.
1405 2704 1441 2731 15.
1465 2705 1492 2730 A
1513 2703 1542 2731 in
1563 2712 1666 2739 marg:
1690 2703 1757 2731 Duo

436 2755 506 2777 sant
527 2750 664 2784 paracliti
687 2749 714 2777 in
737 2750 860 2778 divinis.
936 2751 976 2777 m.
1000 2751 1033 2776 13:
1062 2751 1263 2785 principativo
1284 2756 1311 2777 et
1332 2758 1413 2777 cum.
1506 2749 1546 2776 18.
1569 2749 1590 2777 Β
1607 2750 1636 2777 in
1653 2758 1755 2785 marg:

434 2796 501 2823 joh.
525 2804 565 2829 ιι.
657 2804 698 2823 22.
722 2797 742 2823 Ι),
764 2797 791 2823 in
815 2805 916 2831 marg:
946 2798 1077 2825 Sanctus
1099 2797 1203 2824 Petrus
1224 2797 1352 2824 ecclesie
1374 2796 1560 2832 presidebat.

498 2926 548 2955 24.
578 2916 696 2946 moral.
723 2916 811 2956 xix,
839 2926 911 2958 cap.
938 2917 1007 2947 ΧΗ.
1035 2918 1126 2958 Opp.
1155 2923 1238 2947 tom.
1268 2916 1290 2955 Ι,
1318 2914 1394 2946 1313.
