2045 3312
158 273 241 325 418

177 400 203 426 c)
232 398 281 425 the
309 397 411 425 Saints

159 433 262 461 testifv
293 434 356 461 that
384 432 435 460 the

873 285 1097 319 JOHANle
1124 285 1321 319 Wthir.
1528 272 1635 331 [CAP.
1657 282 1767 311 xvm.

451 390 607 439 Quoad
634 391 810 431 tercium
841 405 1023 431 errorem
1045 400 1158 445 patet
1183 405 1229 430 ex
1256 391 1500 431 testimonio
1528 400 1769 431 sanctorum
1786 402 1811 435 3
1837 402 1871 434 Β

161 463 308 505 ϋοά>’”οῑ
331 468 435 496 Christ
450 469 488 499 et
531 461 701 500 ecclesia
748 462 863 515 quod
898 471 958 501 est
990 475 1125 502 unum
1165 475 1317 515 corpus
1353 461 1507 501 Christi
1559 460 1866 501 misticum¹86⁰

172 505 197 531 is
219 505 308 532 made
330 512 369 539 up
392 502 427 530 of

200 542 251 568 the
273 539 398 567 Church

181 576 321 609 militant,
344 575 416 602 dor-

209 616 303 641 mant,
325 610 385 638 and

195 647 398 682 triumphant.

213 1523 316 1552 There
337 1532 387 1552 are

181 1560 297 1587 defects
319 1559 350 1587 in
371 1559 421 1586 the

166 1595 298 1622 militant
314 1594 438 1622 Church

169 1632 233 1658 that
254 1638 304 1657 are
326 1634 380 1657 not
400 1629 428 1656 in

165 1666 214 1692 ilie
236 1665 439 1700 triumphant,

185 1701 238 1728 but
259 1701 318 1727 this
340 1700 416 1727 does

203 1740 257 1763 not
276 1735 366 1763 make
387 1743 402 1762 a

243 1770 366 1806 specific

215 1806 391 1834 ditl'erence.

450 531 739 584 compositum
773 547 822 572 ex
857 532 1028 572 ecclesia
1062 532 1281 583 militante,
1305 531 1539 572 dormiente
1563 540 1601 571 et
1622 531 1770 571 trium-

450 602 619 655 phante,
650 603 756 643 sicut
778 604 979 656 allegatus
1005 612 1065 643 est
1094 603 1285 656 superius
1303 602 1584 655 Augustinus,
1609 601 1771 641 Enche-

450 672 586 712 ridion
610 674 764 713 LXIV0
788 688 891 726 cap.,
909 674 1044 714 LXV0
1071 688 1160 727 cap.
1195 683 1234 713 et
1258 673 1411 712 LXIX0
1445 686 1550 726 cap.,
1581 681 1621 713 et
1654 672 1696 711 in
1712 672 1772 711 De
1790 682 1806 715 5

451 742 756 791 Questionibus
787 743 936 784 veteris
965 753 1004 783 et
1039 757 1147 783 nove
1181 743 1283 796 legis
1320 757 1408 796 cap.
1446 743 1632 783 XLV110.

509 813 605 853 Non
635 828 734 868 ergo
762 823 928 854 tantum
958 813 1154 854 differunt
1180 814 1286 854 sicut
1315 813 1553 853 substancia
1581 822 1622 853 et
1648 824 1821 857 suumc

453 883 658 936 accidens,
675 898 772 924 cum
788 894 965 938 utraque
983 884 1155 924 ecclesia
1171 884 1320 924 dicitur
1335 883 1573 924 substancia
1588 883 1776 923 eiusdem

452 953 602 1006 speciei
618 955 926 1007 specialissime,
939 954 1036 1008 quia
1054 954 1208 1006 homo,
1223 968 1370 1008 ymmo
1389 954 1621 994 secundum
1638 953 1775 1006 philo-

453 1024 610 1076 sophos
643 1025 881 1065 substancia
905 1034 944 1064 et
966 1024 1156 1064 accidens
1179 1034 1277 1065 sunt
1298 1038 1434 1064 unum
1456 1024 1598 1077 aliquo
1631 1024 1777 1072 modo,
1798 1044 1836 1066 10

453 1094 553 1147 quia
585 1108 720 1134 unum
746 1108 817 1148 per
839 1094 1044 1146 accidens,
1078 1095 1185 1135 sicut
1207 1103 1375 1148 oportet
1399 1095 1618 1134 doctorem
1640 1093 1774 1132 dicere

454 1165 504 1204 de
527 1164 718 1218 personis
741 1166 911 1205 ecclesie
935 1174 974 1205 et
996 1164 1077 1205 fide
1100 1179 1183 1218 qua
1211 1165 1279 1205 ille
1301 1178 1479 1218 persone
1503 1172 1601 1204 sunt
1623 1162 1776 1203 forma-

453 1235 546 1274 liter
589 1235 771 1275 ecclesia.
818 1236 871 1275 Et
904 1244 1113 1289 quantum
1153 1235 1204 1274 ad
1239 1234 1498 1274 evidenciam
1532 1242 1698 1287 captam
1731 1246 1778 1273 ex

455 1304 700 1345 testimonio
734 1305 978 1359 Augustini,
1011 1314 1125 1358 patet
1158 1306 1276 1358 quod
1308 1304 1471 1345 inducit
1491 1303 1780 1358 ignoranciam

455 1375 678 1428 arguentis.
718 1376 828 1414 Nam
859 1389 1007 1415 verum
1039 1384 1099 1414 est
1135 1373 1200 1430 (ut
1232 1388 1328 1428 sepe
1362 1375 1485 1414 docet
1515 1374 1780 1428 Augustinus
1801 1383 1836 1415 15

456 1459 503 1484 ex
534 1444 616 1485 fide
649 1444 868 1499 scripture)
902 1446 1019 1499 quod
1042 1445 1214 1485 ecclesia
1245 1453 1305 1484 est
1326 1445 1536 1484 maculata
1559 1454 1597 1484 et
1627 1458 1779 1497 rugosa

456 1516 555 1554 dum
591 1515 754 1568 militat,
788 1517 860 1555 sed
892 1516 1069 1556 omnino
1102 1515 1191 1555 sine
1221 1516 1392 1556 mortali
1415 1515 1479 1554 vel
1502 1515 1651 1555 veniali
1676 1516 1778 1554 dum

455 1585 699 1638 triumphat.
735 1587 815 1627 Sed
850 1586 1027 1626 omnino
1051 1586 1258 1626 dementis
1294 1585 1399 1626 foret
1423 1600 1471 1625 ex
1493 1585 1580 1625 istis
1604 1598 1777 1638 arguere

457 1655 739 1696 diversitatem
773 1656 1012 1709 specificam
1044 1656 1210 1696 illarum
1245 1655 1529 1706 ecclesiarum,
1563 1655 1629 1694 vel
1662 1655 1779 1707 quod

458 1740 543 1765 non
576 1725 622 1766 fit
654 1740 737 1766 una
771 1741 818 1766 ex
850 1726 944 1778 illis,
977 1727 1042 1765 vel
1075 1727 1192 1779 quod
1215 1725 1240 1753 ²³³
1263 1740 1346 1765 una
1378 1724 1593 1765 infinitum
1618 1724 1780 1764 excedit
1800 1730 1877 1765 186d

458 1796 581 1836 aliam
614 1796 654 1835 in
690 1796 952 1849 perfeccione
985 1796 1212 1836 essenciali.
1253 1797 1360 1836 Nam
1395 1796 1542 1835 beatus
1574 1795 1709 1835 viator
1741 1803 1780 1834 et

459 1867 713 1919 dampnatus
759 1877 856 1906 sunt
900 1867 1089 1906 eiusdem
1133 1866 1283 1919 speciei
1318 1865 1628 1919 specialissime,
1663 1878 1779 1905 com-

458 1946 626 1990 ponunt
659 1950 794 1976 unum
825 1950 959 1990 genus
991 1937 1230 1976 humanum
1263 1945 1302 1975 et
1335 1944 1434 1975 sunt
1466 1949 1585 1988 pares
1618 1935 1659 1974 in
1687 1948 1779 1988 per-

459 2007 644 2047 feccione
690 2007 929 2058 essenciali3
977 2016 1015 2046 et
1059 2017 1200 2046 tamen
1245 2015 1342 2046 sunt
1375 2006 1486 2045 illius
1520 2004 1780 2045 condicionis

460 2078 576 2131 quod
608 2077 778 2117 inferior
804 2087 864 2117 est
887 2078 1037 2131 plenus
1069 2077 1235 2117 macula
1264 2086 1302 2116 et
1331 2090 1524 2130 rugosus,
1560 2085 1599 2115 et
1631 2088 1779 2114 secun·
1799 2083 1838 2114 25

460 2148 537 2187 dus
571 2157 630 2187 est
663 2148 839 2187 omnino
873 2148 961 2186 sine
994 2148 1159 2187 macula
1190 2147 1256 2186 vel
1288 2160 1402 2199 ruga.
1443 2146 1648 2185 Accidens
1682 2158 1779 2197 ergo

461 2233 547 2258 non
592 2217 721 2257 variat
767 2227 934 2257 tantum
978 2231 1109 2257 unam
1161 2216 1444 2256 substanciam
1485 2217 1534 2255 ab
1569 2215 1660 2255 alia.
1694 2215 1780 2253 Nec

461 2290 569 2329 valet
627 2290 762 2329 dicere
811 2290 926 2343 quod
980 2298 1041 2329 est
1090 2290 1186 2328 dare
1237 2302 1369 2328 unum
1414 2295 1687 2341 aggregatum
1733 2299 1779 2324 ex

461 2360 698 2399 substancia
743 2369 781 2399 et
828 2360 1054 2410 accidente,
1102 2367 1148 2398 ut
1180 2369 1282 2411 puta
1331 2372 1377 2397 ex
1410 2357 1555 2396 habitu
1588 2356 1682 2395 fidei
1716 2356 1778 2394 in-

462 2429 557 2469 fuso
611 2439 649 2469 et
702 2430 939 2470 substancia
991 2429 1237 2483 aggregatiS,
1300 2437 1392 2468 tum
1446 2427 1544 2481 quia
1607 2435 1781 2479 negatur
1799 2431 1839 2463 30

462 2499 553 2539 talis
594 2500 731 2539 unitas
763 2500 804 2538 in
841 2499 1118 2539 fundamento
1164 2498 1462 2552 responsionis,
1508 2506 1599 2536 tum
1648 2495 1782 2534 eciam

464 2569 560 2623 quia
594 2569 685 2609 talis
717 2570 883 2609 habitus
918 2569 1012 2609 fidei
1048 2582 1222 2609 manens
1256 2576 1459 2621 perpetuo
1494 2567 1691 2618 migraret
1731 2566 1781 2604 de

464 2639 651 2679 subiecto
685 2639 726 2678 in
760 2640 996 2679 subiectum
1020 2649 1059 2679 et
1087 2638 1288 2691 reciperet
1326 2637 1560 2691 peregrinas
1597 2635 1781 2688 predica-

465 2710 604 2748 ciones
648 2708 844 2749 formales
889 2710 1043 2749 alienas
1087 2724 1108 2747 a
1143 2718 1289 2748 natura
1324 2706 1636 2756 universalium,
1670 2705 1782 2744 unde

464 2781 506 2819 in
539 2779 915 2821 confirmacionem
949 2779 1183 2832 supradicte
1216 2777 1436 2818 sentencie.
1800 2777 1839 2810 35

516 2942 554 2970 31.
579 2943 616 2969 13:
638 2946 664 2968 et
687 2941 898 2968 fundamento.
1046 2939 1088 2967 35.
1110 2938 1219 2972 Unde3
1239 2937 1320 2965 nude
1341 2937 1386 2971 (P).
