2045 3312
167 273 247 312 560
891 282 1119 315 JOHANNIS
1146 282 1339 315 WYCLIF.
1542 268 1649 327 [CAP.
1670 279 1780 308 xxm.

458 398 627 428 vantem
668 398 842 442 propter
879 387 1155 428 solitudinem
1195 401 1269 429 sue
1302 387 1678 441 supereminencie,
1725 388 1782 427 sic
1800 403 1878 441 204⁰
1903 399 1935 432 Ε

458 466 644 498 creatura
684 472 770 498 non
810 467 951 512 potest
991 471 1100 511 opus
1140 458 1428 512 quodcunque
1467 457 1663 511 perficere
1704 457 1781 497 nisi

459 542 557 568 cum
590 528 804 568 iuvamine
836 528 1005 568 alterius
1046 537 1191 568 nature
1231 537 1403 581 propter
1441 542 1515 581 per
1547 542 1588 568 se
1621 528 1781 568 subiec-

459 599 624 638 cionem
659 599 868 639 servitutis
901 607 941 639 et
981 598 1252 638 essencialem
1286 598 1618 652 dependenciam
1651 613 1674 638 a
1707 612 1785 638 suo

460 669 680 722 principio.
729 670 782 709 Et
813 683 887 722 per
919 669 995 708 hec
1027 677 1140 722 patet
1173 669 1405 722 responsio.
1805 679 1820 711 5

167 757 212 784 As
240 761 270 783 10
291 756 340 783 me
360 756 444 784 third
517 740 586 779 Ad
618 738 796 779 tercium
820 738 971 778 dicitur
1005 739 1197 792 negando
1230 738 1454 791 minorem,
1488 752 1587 779 nam
1621 748 1833 793 oportetF

167 791 599 866 ar-gpomffitnaicgetheum
637 809 678 848 in
719 808 837 848 omni
877 807 1166 856 satisfaccione
1205 817 1390 849 creature
1430 822 1503 848 sue
1543 823 1788 849 concurrere

176 861 440 925 ‘iiffirissgffinoffi‘i
461 888 500 919 et
533 889 593 920 est
633 879 675 918 in
713 879 881 918 racione
925 878 1052 919 debiti
1091 878 1277 919 hominis
1316 880 1367 919 ad
1409 879 1629 919 hominem
1668 894 1713 920 ac
1746 880 1787 919 in

186 933 275 961 dem
298 937 328 959 ¹⁰
349 932 433 966 (³⁰³⁷
459 950 627 990 racione
661 949 788 989 debiti
827 948 1014 988 hominis
1052 950 1103 989 ad
1138 949 1275 989 Deum
1315 951 1506 1003 neganda
1538 949 1786 990 differencia.

462 1022 607 1061 Homo
648 1020 760 1060 enim
804 1028 943 1073 potest
983 1019 1161 1059 omnino
1201 1020 1304 1059 solvi
1345 1034 1367 1059 a
1400 1020 1606 1073 corporali
1646 1019 1847 1061 debitom

461 1091 523 1131 sui
563 1092 614 1130 ad
660 1090 896 1143 hominem,
942 1090 1039 1144 quia
1084 1103 1172 1129 non
1212 1098 1273 1129 est
1318 1089 1596 1130 essencialiter
1628 1090 1790 1131 debitor

462 1161 522 1201 sui
565 1175 641 1214 pro
687 1161 805 1200 omni
845 1161 959 1200 bono
999 1161 1116 1214 quod
1162 1160 1363 1213 possidet,
1409 1160 1506 1214 quia
1547 1170 1647 1200 tunc
1685 1160 1790 1200 alius

464 1231 570 1271 foret
610 1231 723 1272 Deus
762 1245 876 1281 suus,
923 1231 994 1270 sed
1035 1244 1161 1270 nemo
1207 1239 1348 1284 potest
1394 1230 1571 1270 omnino
1611 1230 1733 1270 eximi
1768 1245 1790 1270 a

464 1302 605 1342 debito
640 1302 714 1341 Dei
749 1301 826 1352 sui,
860 1301 958 1354 quia
990 1310 1091 1341 tunc
1125 1315 1211 1341 non
1246 1310 1457 1341 teneretur
1478 1301 1569 1340 Deo
1602 1314 1678 1354 pro
1703 1314 1790 1341 esse

465 1386 558 1425 suo,
593 1372 664 1412 sed
689 1371 796 1411 foret
817 1372 931 1411 Deus
955 1371 1202 1425 simpliciter
1234 1385 1308 1425 par
1341 1385 1438 1411 cum
1470 1371 1556 1411 illo.
1594 1371 1691 1410 ideo
1714 1371 1789 1411 ista
1813 1381 1847 1412 15

466 1452 525 1482 est
559 1442 752 1482 condicio
785 1441 1062 1496 obligacionis
1093 1441 1280 1481 hominis
1314 1443 1365 1481 ad
1397 1441 1551 1492 Deum,
1593 1441 1709 1495 quod
1742 1442 1792 1480 de

150 1523 450 1551 ·wni<:hincreases
467 1522 627 1567 quanto
662 1512 875 1566 copiosius
910 1521 951 1552 et
973 1512 1233 1566 complecius
1266 1512 1391 1552 solvit
1423 1511 1497 1551 sibi
1529 1511 1719 1551 debitum
1743 1511 1792 1550 de

200 1560 427 1629 1¹¹e¹iw³÷i³3rewe
465 1592 583 1622 tanto
624 1591 684 1622 est
723 1582 953 1636 obligacior
991 1583 1133 1636 quoad
1175 1595 1287 1633 eum,
1334 1582 1430 1636 quia
1463 1582 1513 1621 de
1546 1590 1664 1621 tanto
1698 1581 1793 1634 plus

467 1653 567 1692 boni
601 1653 650 1692 ab
684 1666 733 1693 eo
766 1653 925 1706 recipit.
972 1653 1025 1692 Et
1063 1652 1139 1692 hec
1177 1652 1288 1692 racio
1321 1665 1448 1705 quare
1488 1652 1621 1691 homo
1654 1660 1795 1705 potest

467 1723 649 1777 recipere
683 1722 1017 1763 satisfaccionem
1041 1722 1240 1763 debitoris
1273 1722 1335 1762 sui
1369 1722 1409 1761 in
1442 1722 1526 1761 vita
1561 1721 1626 1761 vel
1658 1731 1794 1761 morte
1811 1741 1852 1763 20

467 1794 555 1834 eius
595 1807 668 1847 per
707 1802 1025 1846 procuratorem
1064 1793 1156 1846 ipso
1197 1806 1283 1832 non
1319 1800 1573 1845 cooperante
1615 1792 1665 1830 ad
1698 1791 1792 1830 hoc⁴

468 1864 580 1904 Deus
614 1873 757 1914 antem
790 1877 874 1903 non
910 1873 1047 1917 potest
1079 1863 1261 1916 recipere
1291 1877 1313 1901 a
1347 1875 1466 1902 servo
1500 1875 1577 1901 suo
1611 1861 1793 1902 satisfac-

470 1935 638 1975 cionem
671 1948 748 1988 pro
781 1934 922 1974 debito
955 1934 1033 1973 nisi
1066 1934 1154 1987 ipse
1188 1933 1229 1972 in
1262 1946 1443 1986 persona
1476 1931 1642 1985 propria
1677 1931 1794 1971 satis-

470 2005 590 2045 faciat
622 2004 791 2044 adiutus
819 2018 893 2057 per
916 2005 1069 2055 Deum,
1104 2013 1143 2043 et
1165 2003 1245 2043 hoc
1269 2011 1444 2043 testatur
1466 2001 1795 2042 immensitatem

469 2075 668 2116 libertatis
713 2074 789 2114 Dei
834 2083 873 2114 et
925 2074 1218 2114 excellenciam
1264 2073 1327 2113 sui
1379 2071 1570 2123 dominii,
1617 2081 1662 2111 ut
1709 2085 1794 2110 non
1815 2081 1853 2114 25

470 2153 653 2199 oportet,
687 2144 718 2183 si
751 2144 883 2183 homo
917 2152 1057 2197 potest
1090 2143 1215 2183 libere
1249 2157 1295 2183 ac
1330 2141 1539 2182 meritorie
1573 2155 1722 2181 exuere
1755 2155 1796 2181 se

471 2230 494 2255 a
527 2214 719 2255 dominio
754 2214 855 2253 servi
891 2214 954 2253 sui
979 2213 1226 2253 subiciendo
1261 2227 1303 2253 se
1337 2226 1411 2252 sue
1443 2211 1646 2263 servituti,
1681 2211 1795 2265 quod

472 2285 602 2325 deitas
635 2285 692 2324 sic
715 2293 853 2337 potest
875 2285 1017 2338 quoad
1040 2297 1205 2324 servum
1241 2282 1505 2335 simpliciter;
1540 2282 1671 2321 bomo
1701 2290 1797 2334 pot-

473 2365 533 2396 est
566 2355 800 2408 relinquere
821 2355 984 2394 domini
1015 2354 1241 2408 superioris
1265 2354 1495 2393 vindictam
1529 2352 1688 2392 offense
1712 2365 1796 2391 non

472 2426 724 2465 vindicando
757 2425 797 2464 in
832 2439 1011 2478 persona
1043 2425 1226 2478 proprIa,
1276 2437 1374 2478 ergo
1404 2424 1516 2463 Deus
1549 2422 1606 2461 sic
1638 2430 1858 2475 potest;3o

474 2496 604 2536 homo
650 2504 788 2548 potest
835 2495 1044 2535 dimittere
1089 2495 1259 2547 culpam
1304 2507 1390 2533 non
1436 2492 1673 2545 expetendo
1721 2490 1796 2530 sibi

475 2566 698 2606 emendam
739 2556 1072 2615 satisfactorian„
1113 2578 1211 2616 ergo
1248 2564 1360 2603 Deus
1395 2562 1451 2602 sic
1485 2570 1638 2615 potest,
1671 2570 1710 2601 et
1742 2560 1798 2600 sic

476 2638 524 2675 de
559 2635 730 2675 infinitis
763 2635 966 2688 exemplis
988 2634 1279 2675 attestantibus
1304 2632 1589 2672 infirmitatem
1623 2629 1798 2670 humani

476 2705 653 2745 dominii
696 2714 735 2744 et
774 2705 1136 2745 invincibilita‘tem
1182 2703 1358 2744 dominii
1400 2702 1543 2742 divini.
1593 2702 1646 2741 Et
1690 2709 1802 2753 patet

147 1011 162 1023 0

531 2877 555 2905 3.
579 2878 616 2905 13:
639 2877 765 2905 alterius
787 2885 852 2905 nec.
997 2876 1024 2903 8.
1055 2877 1075 2903 B
1091 2877 1121 2904 in
1144 2883 1260 2911 marg:
1290 2874 1442 2902 Racioncs
1464 2874 1640 2902 debitorum
1664 2872 1801 2899 hominis

479 2927 515 2953 nd
539 2926 695 2953 hominem
718 2929 745 2952 et
772 2924 908 2951 hominis
930 2924 965 2950 ad
991 2924 1091 2951 Deum
1114 2923 1267 2950 differunt.

393 2966 411 2977 n
