2045 3312
188 265 265 304 566
899 271 1124 304 JOHANNIS
1150 271 1346 305 WYCLIF.
1560 259 1668 319 [CAP.
1687 271 1795 300 xxm.

474 389 688 418 mereatur
749 379 989 431 cuicunque
1053 377 1204 418 affecto
1271 392 1349 418 suo
1413 388 1796 435 quantumcunque
1813 391 1895 425 205¹³
1930 380 1982 427 1⁸

472 449 668 499 voluerit,
704 449 800 502 quia
826 457 966 502 potest
999 448 1100 487 dare
1124 447 1203 487 sibi
1228 450 1429 489 meritum
1454 450 1643 501 alterius,
1679 452 1795 504 quod

473 528 534 558 est
568 519 694 558 idem.
731 518 801 558 Ille
835 519 948 557 enim
983 518 1056 571 qui
1092 518 1220 557 habet
1252 528 1508 571 potestatem
1544 534 1673 574 super
1710 531 1794 561 tam

472 598 683 629 secretum
726 589 975 628 thesaurum
1016 589 1155 627 anime
1204 589 1331 628 habet
1371 598 1626 641 potestatem
1670 605 1798 644 super

473 673 698 712 personam
733 660 874 712 quoad
909 658 1082 698 inferius
1117 660 1361 711 corporale;
1395 661 1436 699 in
1474 661 1593 701 cuius
1627 663 1831 715 signum5

476 730 590 769 Deus
625 730 742 769 dedit
767 730 953 783 dyabolo
985 738 1240 782 potestatem
1275 731 1417 782 primo
1441 745 1568 785 super
1601 733 1795 772 substan-

475 800 582 839 ciam
609 800 718 839 beati
744 799 837 850 Job,
873 799 1062 838 secundo
1087 812 1215 852 super
1239 813 1407 853 corpus
1449 799 1798 855 Verumptamen,

474 871 629 924 inquit,
663 870 853 909 animam
889 869 981 909 eius
1015 882 1155 918 serva,
1193 870 1270 909 Job
1303 870 1373 921 110,
1399 870 1439 911 6.
1466 872 1518 911 Et
1552 873 1689 912 multo
1714 874 1796 912 evi-

475 940 652 980 dencius
713 949 962 993 sequeretur
1022 940 1139 993 quod
1201 954 1309 993 papa
1363 951 1504 993 preest
1558 943 1797 997 cuicunque

195 1022 286 1049 much
309 1029 395 1049 more
417 1021 445 1049 in
474 1010 641 1062 spiritui
676 1011 717 1049 in
752 1010 1004 1063 purgatorio
1045 1011 1110 1050 vel
1143 1010 1392 1063 dampnato,
1435 1021 1473 1051 et
1514 1013 1594 1052 hoc
1630 1014 1798 1053 videtur
1820 1036 1856 1058 10

288 1058 358 1086 hell.
477 1082 697 1121 doctorem
722 1081 958 1131 intendere,
993 1093 1091 1120 cum
1125 1081 1369 1135 dicitquod
1406 1082 1515 1121 bona
1551 1085 1797 1124 communia

476 1151 764 1191 multitudinis
789 1151 1109 1191 distribuuntur
1133 1151 1311 1204 singulis
1346 1152 1397 1191 de
1420 1152 1488 1191 illa
1522 1153 1798 1194 multitudine

476 1222 712 1262 secundum
755 1221 980 1261 arbitrium
1015 1221 1105 1261 eius
1139 1222 1211 1275 qui
1245 1221 1303 1261 illi
1339 1223 1604 1262 multitudini
1636 1234 1796 1277 preest,

475 1302 515 1332 et
539 1292 676 1332 multo
701 1292 947 1331 evidencius
972 1292 1167 1344 sequitur
1199 1292 1315 1345 quod
1350 1306 1461 1345 papa
1486 1302 1626 1345 preest
1651 1294 1796 1347 damp-

475 1365 599 1415 natis,
636 1375 733 1402 cum
767 1371 907 1415 preest
931 1362 1125 1415 personis
1159 1362 1441 1416 dignioribus,
1476 1372 1524 1403 ut
1546 1373 1663 1417 puta,
1696 1378 1795 1417 pur·
1821 1377 1855 1409 15

475 1433 624 1485 gandis
648 1431 868 1486 spiritibus
903 1443 942 1472 et
976 1433 1130 1484 beatis;
1155 1433 1227 1486 qui
1252 1433 1364 1472 enim
1391 1433 1518 1473 babet
1541 1443 1803 1487 potestatem·

477 1504 669 1544 cassandi
693 1517 800 1557 opus
825 1504 993 1557 dyaboli
1020 1512 1059 1542 et
1084 1503 1259 1543 tollendi
1294 1505 1345 1543 ab
1371 1518 1419 1543 eo
1453 1504 1627 1557 predam
1669 1519 1795 1559 quam

477 1584 645 1614 tantum
681 1574 858 1627 appetit,
896 1574 1024 1613 habet
1058 1583 1316 1626 potestatem
1350 1574 1390 1613 in
1427 1588 1540 1622 eum,
1583 1575 1654 1615 sed
1687 1589 1797 1629 papa

477 1645 606 1684 habet
654 1653 910 1697 potestatem
957 1644 1008 1682 ad
1056 1643 1243 1683 dandum
1295 1645 1607 1697 quantamlibet
1658 1646 1795 1685 indul—

476 1716 668 1768 genciam
704 1715 875 1767 captivo
912 1713 1100 1767 dyaboli,
1137 1727 1188 1753 ne
1221 1713 1407 1754 sufficiat
1441 1715 1624 1767 amplius
1659 1716 1797 1755 valere
1816 1739 1857 1760 20

476 1785 518 1824 in
542 1798 653 1835 eum,
686 1793 731 1824 ut
754 1783 923 1824 dicitur.
958 1783 1124 1823 Dicitur
1143 1792 1183 1823 et
1206 1784 1321 1822 Luce
1359 1784 1436 1823 IX0
1460 1785 1575 1837 quod
1601 1784 1798 1827 Christus

477 1855 593 1895 dedit
637 1855 856 1907 discipulis
901 1862 1159 1907 potestatem
1210 1867 1338 1907 super
1394 1855 1538 1894 omnia
1584 1856 1798 1909 demonia,

476 1925 547 1965 sed
595 1925 718 1964 nimis
763 1925 905 1978 ampla
945 1924 1054 1963 foret
1094 1938 1202 1977 pape
1242 1925 1500 1974 iurisdiccio,
1548 1926 1620 1979 qui
1667 1927 1798 1967 instar

477 1995 639 2036 Christi
655 1994 783 2034 habet
799 2003 1058 2047 potestatem
1076 2008 1204 2047 super
1220 1995 1543 2035 multitudinem
1561 1997 1797 2049 celestium,

477 2066 744 2106 terrestrium
777 2073 816 2104 et
850 2064 1130 2104 infernorum.
1816 2078 1855 2111 25

537 2137 597 2175 Ex
613 2136 702 2176 istis
720 2135 947 2187 colligitur,
972 2148 1069 2174 cum
1095 2144 1156 2174 tot
1186 2135 1535 2175 inconveniencia
1560 2147 1840 2190 sequuntur4

478 2220 525 2246 ex
571 2207 681 2246 dicta
726 2206 978 2258 palliacione
1026 2205 1250 2258 potestatis
1296 2206 1474 2258 papalis,
1520 2207 1637 2259 quod
1684 2207 1799 2246 radix

477 2278 657 2317 istorum
698 2275 1099 2316 inconveniencium
1142 2275 1251 2315 foret
1286 2275 1484 2315 fidelibus
1519 2289 1796 2317 venenosum.

478 2347 606 2396 Quod
655 2356 798 2386 autem
839 2347 919 2386 ista
958 2346 1042 2385 sint
1087 2345 1449 2395 inconveniencia,
1505 2355 1621 2399 patet
1660 2348 1840 2399 primoa

185 2424 233 2451 ΑΗ
257 2432 378 2459 powers
409 2432 460 2452 are
477 2431 523 2456 ex
557 2418 637 2456 hoc
671 2417 786 2470 quod
827 2417 1062 2456 secundum
1104 2416 1348 2468 apostolum
1390 2417 1571 2457 Roman.
1605 2417 1739 2469 xmo,
1781 2428 1858 2460 130

212 2458 436 2521 ossaqchhxmo
477 2500 559 2527 non
595 2493 656 2527 est
680 2493 874 2540 potestas
909 2486 990 2526 nisi
1012 2499 1038 2525 a
1062 2486 1166 2526 Deo.
1204 2486 1297 2538 Ipse
1332 2496 1473 2526 autem
1510 2500 1592 2526 non
1629 2488 1798 2541 reliquit

215 2530 431 2600 tzuessepssgvpeg·
478 2558 517 2596 in
558 2558 648 2609 lege
694 2571 769 2596 sua
803 2557 923 2610 papis
956 2556 1205 2596 huiusmodi
1244 2565 1517 2609 potestatem,
1565 2571 1666 2610 ergo
1713 2571 1797 2597 non

479 2636 540 2666 est
574 2626 786 2679 fingenda,
813 2640 908 2665 nam
934 2640 1007 2678 per
1031 2626 1143 2665 idem
1169 2626 1278 2666 foret
1300 2624 1513 2667 infinitum
1541 2627 1797 2679 amplianda.

540 2697 738 2737 Secundo
773 2711 847 2750 per
880 2697 959 2736 hoc
993 2697 1109 2750 quod
1133 2711 1242 2750 pape
1265 2698 1420 2750 singuli
1445 2698 1550 2738 citra
1574 2697 1795 2737 Christum
1814 2708 1837 2740 b

481 2778 579 2807 sunt
619 2767 729 2820 paris
772 2767 1015 2820 potestatis;
1067 2780 1163 2806 cum
1203 2780 1303 2820 ergo
1343 2781 1420 2820 par
1459 2768 1498 2807 in
1534 2781 1677 2820 parem
1714 2782 1797 2807 non
1815 2777 1855 2811 35

531 2880 558 2908 8.
590 2881 622 2908 In
652 2880 760 2908 codd.=
779 2879 837 2908 Job
859 2880 969 2916 primo.
992 2879 1129 2908 Correxi.
1308 2887 1348 2909 21.
1375 2880 1414 2908 B:
1436 2879 1473 2908 Et
1493 2880 1575 2908 Luce
1595 2879 1652 2909 1X⁰
1672 2880 1795 2908 dicitur.

478 2926 520 2955 32.
543 2927 636 2955 huius
658 2927 688 2955 in
710 2927 802 2955 codd.
