2045 3312
298 284 387 313 CAP.
409 273 506 332 xm]
792 287 852 318 DE
879 285 1116 318 ECCLEsm.
1836 285 1910 324 29¹

145 405 177 438 L
206 402 283 448 169'¹
300 394 527 446 quendam,
573 400 673 431 tunc
714 399 922 431 cessarent
961 390 1069 429 bella
1106 390 1149 428 in
1188 389 1513 439 christianismo,
1558 389 1624 428 vel

301 463 545 517 simpliciter
567 462 632 501 vel
654 461 696 500 in
719 470 848 514 parte,
883 470 922 500 et
951 460 1246 514 disponeretur
1274 459 1445 499 ecclesia
1469 458 1623 499 Christi

300 535 351 573 ad
385 532 726 586 conquirendum
759 532 885 571 armis
907 531 1114 571 virtutum
1146 529 1360 583 populum
1392 528 1621 568 infidelem.

300 604 366 644 Sic
412 603 525 642 enim
571 602 649 642 fuit
692 610 884 655 tempore
923 601 1233 654 apostolorum,
1267 600 1441 653 quando
1475 613 1623 652 expro-

266 673 489 726 §prietarie
528 686 631 726 pure
677 673 912 712 secundum
945 671 1099 711 Christi
1140 669 1314 710 consilia
1344 669 1446 709 vixit
1478 670 1624 721 clerus,

301 745 372 783 sed
411 743 668 783 commixtus
714 742 891 782 sinistris
937 741 1239 782 tradicionibus
1282 740 1480 780 humanis
1526 753 1624 780 cum

301 813 477 853 dexteris
511 812 666 853 Christi
700 812 898 864 consiliis,
944 812 1092 851 vinum
1136 811 1179 850 in
1224 825 1309 865 quo
1348 810 1625 850 inebriaretur

300 884 472 923 ecclesia
517 893 577 923 est
621 883 880 936 limphatum
918 891 957 922 et
995 895 1128 936 genus
1169 895 1396 921 nervorum
1446 880 1626 920 caritatis

301 954 471 994 ecclesie
495 953 762 993 debilitatum
785 962 825 993 et
847 952 935 992 sine
959 952 1134 992 custode
1156 950 1398 991 zizannium
1421 950 1628 990 discordie

246 1043 284 1065 10
301 1025 489 1078 undique
522 1024 792 1065 seminatum.

247 1104 286 1135 M
360 1094 473 1134 Cum
517 1095 631 1134 enim
676 1108 828 1148 corpus
873 1093 1043 1134 ecclesie
1088 1092 1141 1132 sit
1186 1092 1415 1132 limitatum
1459 1106 1481 1131 a
1522 1091 1720 1143 De0,T¹1e
1740 1094 1913 1123 Churchis

1690 1130 1871 1157 disordered

301 1165 454 1219 quibus
512 1165 612 1204 cibis
660 1173 699 1204 et
743 1164 922 1218 qualiter
972 1164 1208 1203 secundum
1259 1171 1396 1216 partes
1444 1161 1919 1228 disparesWheenflcssgccssggffi'

304 1244 554 1288 pasceretur,
578 1236 691 1275 Deus
716 1235 822 1275 sicut
845 1235 988 1275 tribuit
1012 1234 1351 1274 commensurale
1374 1233 1627 1273 alimentum
1649 1243 1735 1297 ¹¹³}ssss
1755 1235 1911 1298 trheffvxqvlgisk

305 1305 521 1358 spirituale
553 1320 628 1359 per
658 1306 842 1359 prelatos
865 1305 1206 1345 distribuendum
1238 1303 1444 1355 fidelibus,
1478 1304 1534 1344 sic
1558 1304 1627 1343 dat
1641 1305 1917 1369 asjggffigffigod

250 1385 284 1416 15
305 1389 441 1415 escam
476 1376 739 1429 corporalem
772 1375 1040 1428 parciendam
1072 1388 1148 1428 per
1178 1374 1336 1414 activos
1369 1383 1456 1413 tam
1487 1373 1625 1427 predi—
1854 1361 1882 1376 '⁶

305 1446 514 1486 catoribus
560 1446 602 1484 in
646 1459 746 1499 agro
793 1459 922 1499 quam
967 1444 1376 1498 contemplatoribus
1421 1444 1463 1483 in
1502 1444 1623 1484 lecto.

303 1516 400 1555 Ideo
434 1516 736 1569 usurpantibus
784 1515 862 1554 illis
911 1515 1106 1555 violentis
1152 1514 1345 1555 officium
1389 1522 1428 1554 et
1472 1527 1624 1554 consu-

304 1587 516 1627 mentibus
540 1586 777 1627 inordinate
811 1600 961 1626 eorum
984 1586 1191 1640 pabulum
1214 1598 1380 1625 necesse
1404 1593 1465 1624 est
1486 1593 1625 1625 totum

304 1670 454 1710 corpus
501 1657 672 1697 ecclesie
717 1671 804 1697 esse
849 1657 1139 1696 inordinatum
1184 1670 1232 1696 ex
1270 1655 1435 1695 defectu
1481 1656 1622 1695 obser-

247 1745 289 1765 πο
304 1727 489 1766 vacionis
522 1727 679 1767 ordinis
712 1740 885 1767 suarum
908 1726 1112 1780 parcium.
1146 1726 1187 1767 Si
1217 1726 1331 1766 enim
1354 1725 1398 1766 fit
1421 1725 1627 1765 bolismus

305 1797 344 1835 in
379 1797 554 1837 homine
588 1807 627 1838 et
660 1798 838 1838 breviter
872 1811 1131 1851 quocunque
1164 1797 1358 1836 membro
1392 1797 1626 1836 secundum

305 1867 538 1920 appetitum
592 1868 793 1908 caninum
843 1876 987 1907 contra
1031 1867 1197 1920 regulas
1243 1867 1407 1906 virtutis
1457 1866 1628 1920 regitive

305 1937 493 1978 trahente
533 1939 703 1979 alterius
742 1938 1054 1978 nutrimentum
1086 1937 1150 1977 vel
1191 1946 1426 1990 occupante
1458 1936 1627 1977 alterius

307 2009 485 2048 membri
530 2008 733 2060 officium⁷
785 2008 830 2047 fit
874 2008 916 2047 in
966 2017 1058 2048 toto
1105 2021 1279 2061 corpore
1324 2007 1530 2047 discrasia.
1585 2006 1626 2046 Si

250 2085 287 2117 25
306 2079 420 2119 enim
464 2079 598 2119 viator
640 2079 811 2119 haberet
855 2092 1043 2118 vermem
1088 2078 1130 2117 in
1164 2078 1386 2118 stomacho
1419 2077 1491 2131 qui
1525 2090 1625 2116 con-

305 2159 489 2190 sumeret
505 2149 815 2189 nutrimentum
831 2149 1135 2199 membrorum,
1160 2149 1383 2202 quomodo
1399 2156 1628 2187 servaretur

306 2220 459 2259 sanitas
492 2228 531 2259 et
553 2220 741 2259 valitudo
776 2216 950 2259 eorum?
984 2219 1049 2259 Sic
1083 2219 1114 2257 si
1138 2219 1373 2258 sacerdotes
1396 2218 1495 2258 Baal
1530 2231 1628 2256 cum

307 2290 505 2329 uxoribus
551 2300 590 2330 et
628 2289 721 2329 filiis
766 2298 1026 2329 consumunt
1070 2289 1327 2329 mendaciter
1358 2302 1432 2342 per
1464 2297 1627 2328 meatus

214 2368 292 2407 ¹70⁸
307 2369 538 2399 nocturnos
561 2360 586 2387 ²³³
609 2370 648 2400 et
680 2361 972 2400 subterraneos
1012 2361 1125 2399 bona
1156 2360 1302 2413 plebiS‚
1349 2368 1463 2412 patet
1494 2358 1628 2398 littera

251 2436 292 2468 30
308 2430 491 2469 Danielis
524 2431 661 2471 leoz
696 2431 752 2470 sic
785 2440 927 2470 autem
960 2439 1020 2470 est
1052 2430 1094 2469 in
1118 2443 1293 2483 corpore
1317 2429 1485 2469 ecclesie
1510 2429 1627 2469 cuius

306 2499 434 2538 virtus
479 2500 649 2554 regitiva
683 2510 743 2540 est
787 2500 914 2554 patris
959 2500 1188 2554 sapiencia;
1233 2509 1273 2540 et
1303 2501 1413 2553 leges
1447 2499 1548 2549 eius,
1582 2508 1628 2538 ut

307 2570 503 2610 mandata
555 2579 681 2625 atque
725 2571 910 2621 consilia,
957 2580 1054 2610 sunt
1104 2570 1319 2623 privilegia
1365 2569 1627 2622 singulariter

307 2640 506 2679 membris
551 2640 722 2680 ecclesie
766 2640 957 2679 officium
1002 2640 1204 2693 operandi
1246 2648 1285 2679 et
1317 2639 1624 2679 nutrimentum

307 2709 548 2761 limitancia,
582 2719 629 2750 ut
656 2711 844 2750 membra
869 2710 1086 2763 superiora
1108 2711 1260 2750 debent
1293 2709 1404 2763 pasci
1430 2709 1627 2762 precipue

252 2786 292 2819 35
309 2778 455 2831 spiritu
480 2780 649 2819 animali
674 2790 712 2820 et
734 2794 874 2833 regere
897 2794 943 2820 ac
966 2794 1137 2820 movere
1166 2781 1355 2820 membra
1385 2779 1626 2832 supposita;

364 2927 399 2954 13.
412 2928 438 2954 A
453 2928 481 2954 in
496 2936 609 2964 marga
623 2929 711 2956 Nota⁴
778 2937 816 2962 ¹7-
830 2928 987 2955 violentis
998 2937 1004 2962 ;
1016 2932 1115 2955 recte:
1129 2928 1291 2955 violenter.
1351 2935 1396 2960 24.
1411 2926 1627 2954 ss:disc1·usia.

1452 2972 1512 3010 1η*
