2045 3312
122 248 175 301 73
865 258 1091 291 JOHANle
1119 259 1312 291 WYCLOE.
1561 245 1671 303 [CAP.
1693 255 1746 283 w.

412 362 477 401 vel
499 363 617 415 quod
649 375 841 416 unquam
874 361 998 402 fuerit
1031 378 1123 417 pars
1157 365 1311 403 domus
1345 363 1605 414 huiusmodi,
1639 363 1738 417 quia
1759 373 1888 417 1391¹F

413 432 469 472 sic
517 432 702 486 quelibet
746 434 900 473 domus
953 434 1177 474 materialis
1231 433 1338 474 foret
1392 434 1516 473 nimis
1570 447 1737 487 magna,

411 502 570 542 habens
608 503 650 542 in
691 502 1058 556 composicionem
1091 504 1155 544 sui
1188 518 1338 544 omnes
1372 504 1606 544 materiales
1638 503 1736 543 sub-

411 573 589 613 stancias
633 587 714 627 que
760 582 858 613 sunt
902 573 942 612 in
989 574 1185 627 potencia
1218 574 1305 614 fieri
1339 574 1426 614 eius
1458 583 1610 628 partes,
1668 574 1735 614 Sic

411 643 575 683 videtur
607 644 726 697 quod
760 644 915 683 domus
937 644 1087 684 mundi
1111 644 1305 684 excidens
1328 646 1378 684 de
1402 659 1540 684 massa
1561 644 1735 684 humani
1755 656 1771 687 5

411 714 572 766 generis
605 714 815 767 quosdam
853 714 906 753 ad
944 713 1088 768 ignem
1127 724 1396 768 perpetuum,
1441 715 1653 768 quosdam
1693 724 1737 754 ut

412 784 493 824 sint
524 792 666 837 postes
699 784 764 823 vel
796 783 874 823 alie
907 793 1045 837 partes
1078 793 1281 838 perpetue
1315 785 1357 823 in
1391 785 1522 824 domo
1556 785 1735 835 domini,

411 867 487 893 nec
520 854 729 894 ordinavit
762 867 837 893 nec
868 854 1061 894 futurum
1090 864 1190 906 erat,
1224 864 1271 895 ut
1301 855 1576 895 comburendi
1601 855 1737 895 forent

410 937 506 977 pars
530 924 715 976 ecclesie,
748 933 1130 979 quantumcunque
1153 925 1273 979 politi
1293 925 1448 965 fuerint
1479 925 1532 965 ad
1553 934 1735 978 tempus,

412 995 483 1033 sed
505 993 683 1035 finaliter
704 995 970 1048 reprobandi.
1004 995 1138 1035 Aliter
1171 995 1284 1035 enim
1316 995 1509 1035 diabolus
1531 1004 1570 1035 et
1593 996 1738 1035 omnia
1756 1014 1796 1036 10

412 1065 603 1104 membra
636 1064 725 1104 eius
759 1064 898 1105 forent
929 1079 1025 1118 pars
1059 1066 1214 1106 domus
1248 1065 1424 1106 domini.
1752 1074 1790 1108 G

121 1143 397 1208 Ιῗιξιὲῑὲιῶιίῗῖιῖἓὲτὲὶε
470 1135 524 1175 Et
556 1135 588 1174 si
621 1134 784 1175 dicatur
815 1135 934 1188 quod
958 1134 1149 1175 Christus
1180 1135 1307 1175 habet
1338 1149 1416 1189 pro
1450 1143 1560 1175 statu
1582 1135 1736 1176 viacio-

119 1199 280 1278 ‘3355‘an
308 1205 475 1278 attrectnis
508 1205 744 1245 secundum
784 1214 1024 1258 presentem
1063 1205 1274 1246 iusticiam
1313 1205 1532 1260 tugurium
1570 1206 1738 1246 estivale

187 1258 533 1316 p10;0s110n.cuius
575 1289 723 1315 omnes
764 1276 866 1315 tales
899 1285 998 1316 sunt
1029 1285 1181 1329 parteS,
1214 1285 1357 1316 tamen
1391 1290 1489 1316 cum
1521 1290 1597 1330 pro
1630 1285 1736 1316 tem-

413 1360 516 1400 pore
560 1346 675 1400 ipsos
714 1345 931 1399 inhabitat,
976 1345 1081 1385 nihil
1125 1346 1347 1400 proposito
1395 1355 1540 1386 nostro
1581 1347 1631 1386 de
1663 1347 1795 1387 illo15

412 1416 598 1469 tugurio,
639 1417 738 1471 quia
776 1416 981 1457 limitatur
1014 1416 1136 1456 nobis
1170 1431 1308 1457 sermo
1342 1417 1393 1456 de
1426 1425 1567 1456 sancta
1606 1426 1738 1457 matre

413 1486 599 1539 ecclesia,
648 1500 805 1541 sponsa
850 1486 1019 1538 Christi,
1067 1500 1197 1541 quam
1242 1487 1451 1527 ordinavit
1489 1496 1738 1540 perpetuam

413 1557 616 1610 reginam,
662 1556 898 1597 eternaliter
943 1571 1088 1597 secum
1136 1571 1394 1609 mansuram,
1440 1556 1529 1597 sine
1573 1558 1739 1598 macula

413 1628 478 1667 vel
509 1641 625 1681 ruga,
659 1637 706 1668 ut
737 1628 926 1681 loquitur
964 1628 1186 1682 apostolus
1227 1628 1420 1682 Ephesiis
1453 1629 1526 1680 VO,
1562 1629 1628 1679 25,
1665 1641 1685 1667 2
1727 1637 1737 1667 ζ

420 1699 628 1749 Christus,
653 1698 803 1751 inquit,
826 1698 1008 1738 tradidit
1038 1700 1311 1751 semetipsum
1338 1712 1426 1751 pro
1459 1699 1654 1749 ecclesia,
1691 1704 1738 1737 ut
1758 1715 1799 1736 20

414 1769 504 1821 ipse
537 1769 620 1809 sibi
653 1769 872 1808 exhiberet
904 1769 1130 1809 ecclesiam
1152 1769 1411 1823 gloriosam,
1448 1782 1532 1808 non
1575 1769 1735 1808 liaben-

412 1845 493 1878 tem
528 1840 744 1879 maculam
780 1852 915 1892 neque
951 1852 1126 1893 rugam.
1168 1840 1220 1879 Et
1261 1840 1310 1879 de
1342 1839 1412 1878 illa
1444 1839 1543 1879 dicit
1575 1848 1742 1878 sanctus

414 1909 620 1961 Thomas,
653 1910 714 1949 De
749 1908 934 1959 Christo,
976 1909 1250 1949 conclusione
1281 1909 1410 1958 V11121,
1444 1909 1621 1949 articulo
1655 1910 1741 1961 1110,

412 1981 530 2033 quod
550 1981 621 2019 ille
645 1986 706 2019 est
728 1979 905 2018 ultimus
923 1979 1037 2032 finis
1060 1979 1117 2019 ad
1139 1993 1263 2032 quem
1289 1979 1557 2031 producitur
1588 1985 1741 2019 sancta

414 2057 554 2090 mater
585 2051 765 2090 ecclesia
782 2062 869 2101 per
884 2051 1136 2102 passionem
1167 2049 1328 2089 Christi
1341 2063 1428 2102 pro
1451 2057 1564 2090 statu
1581 2049 1742 2101 patrie,
1761 2054 1797 2086 25

413 2135 494 2161 non
530 2127 671 2160 autem
700 2134 785 2172 pro
817 2126 930 2160 statu
965 2122 1052 2171 vie,
1085 2122 1127 2160 in
1163 2133 1245 2173 quo
1278 2121 1316 2159 si
1347 2121 1604 2169 dixerimus,
1640 2121 1742 2173 quia

407 2197 589 2242 peccata
623 2204 708 2229 non
735 2190 954 2242 habemus,
992 2204 1068 2230 nos
1091 2191 1206 2243 ipsos
1228 2190 1498 2240 seducimus,·
1522 2196 1562 2230 et
1585 2191 1743 2230 veritas

412 2262 456 2300 in
491 2261 610 2301 nobis
643 2274 726 2300 non
760 2267 822 2300 est
874 2259 938 2314 (ut
982 2260 1132 2301 dicitur
1166 2261 1198 2299 1²¹
1231 2261 1432 2300 ,Iohannis
1472 2260 1507 2299 ΙΟ
1541 2274 1645 2313 cap„
1681 2259 1737 2313 8).

414 2332 536 2372 Unde
585 2331 715 2370 miror
763 2344 849 2384 quo
895 2331 1043 2383 spiritu
1088 2344 1165 2369 nos
1215 2331 1285 2384 qui
1331 2345 1479 2371 sumus
1511 2330 1740 2383 pregravati

414 2402 579 2442 macula
611 2401 799 2441 mortalis
832 2401 991 2454 peccati
1025 2410 1064 2441 et
1096 2415 1199 2454 ruga
1221 2399 1420 2441 vessnialis
1453 2400 1738 2454 presumimus
1761 2412 1839 2457 139¹>

414 2472 502 2511 sine
535 2471 799 2513 revelacione
831 2472 999 2524 speciali
1034 2471 1221 2511 frontose
1243 2485 1423 2511 asserere
1454 2471 1571 2525 quod
1593 2484 1741 2510 sumus

416 2543 605 2582 membra
651 2542 760 2581 illius
807 2541 989 2581 ecclesie.
1028 2543 1078 2582 Et
1110 2542 1141 2580 si
1178 2542 1339 2582 dicatur
1383 2542 1499 2595 quod
1536 2541 1613 2580 ista
1654 2555 1740 2581 non

416 2621 514 2652 sunt
546 2612 670 2651 verba
704 2612 793 2650 sine
825 2611 1007 2663 racione,
1062 2611 1250 2665 arguitur
1297 2626 1345 2652 ex
1384 2611 1598 2665 principiis
1646 2610 1741 2650 fidei

474 2722 512 2742 12.
536 2715 562 2741 A
585 2714 612 2740 in
636 2722 750 2748 marg:
775 2712 891 2740 Ficcio.
967 2713 1008 2741 23.
1032 2715 1058 2741 Α
1080 2713 1108 2741 in
1131 2722 1245 2748 marga
1266 2712 1299 2740 S.
1321 2711 1473 2740 Thomas.
1549 2713 1596 2741 26.
1620 2713 1658 2740 13:
1682 2721 1741 2740 non

413 2766 473 2789 aut.
566 2759 611 2787 30.
635 2760 751 2788 (lodda
775 2761 885 2788 venali.
995 2760 1034 2788 31.
1058 2761 1096 2789 15:
1119 2765 1271 2789 asserunt.

478 2845 526 2877 15.
555 2845 606 2876 Cf.
633 2844 794 2876 'rhomae
836 2845 928 2888 Opp.
956 2853 1040 2877 tom.
1071 2846 1110 2886 V,
1147 2846 1198 2885 51,
1235 2844 1287 2876 52.
1435 2844 1487 2876 25.
1516 2843 1740 2881 S.'1'homas;

418 2904 516 2935 Unde
544 2903 610 2935 hoc
637 2904 699 2935 erit
726 2903 760 2935 in
788 2911 878 2935 statu
906 2905 1048 2947 patriae,
1076 2915 1146 2936 non
1173 2911 1289 2936 autern
1317 2904 1350 2934 in
1377 2909 1467 2934 statu
1494 2904 1580 2935 viae.
