2045 3312
252 240 423 299 clap-111]
756 254 815 286 DE
842 253 1077 285 ECCLEsm.

89 359 421 414 R13700ptz‘mis.
484 358 608 406 Quod
657 359 736 398 etsi
789 371 912 398 nemo
966 364 1161 398 nostrum
1215 358 1296 397 sibi
1348 371 1568 412 arrogare

232 435 475 482 presumat,
511 435 555 468 ut
586 429 779 468 animam
815 442 940 468 suam
975 428 1137 468 audeat
1167 440 1373 480 sponsam
1407 427 1570 468 domini

240 499 478 551 appellare,
525 500 729 552 quoniam
777 505 919 539 tamen
968 499 1020 538 de
1065 499 1247 539 ecclesia
1291 512 1444 538 sumus
1490 512 1570 552 que

240 571 395 608 merito
439 569 516 608 lzoc
561 571 732 610 nomine
765 577 805 610 et
838 583 884 609 re
919 569 1107 609 nominis
1153 569 1389 623 gloriatur,
1429 570 1572 623 glorie

206 639 364 686 5lzuius
380 639 667 692 participium
694 653 970 692 usurpamus.
994 639 1120 687 Quod
1142 639 1254 680 enim
1279 640 1412 679 simul
1426 652 1571 679 omnes

229 709 359 761 plene
382 710 633 763 integreque
659 710 946 762 possidemus,
978 710 1054 749 lzoc
1086 710 1251 764 singuli
1282 711 1375 750 sine
1397 716 1569 749 contra-

236 778 429 819 diccione
454 780 789 833 participamus.
831 780 1017 820 Gracias
1057 780 1132 819 tibi
1163 780 1334 820 domine
1365 780 1467 820 ¹Iesu
1499 781 1572 833 qui

237 862 314 888 nos
334 849 563 890 karissime
586 850 767 890 ecclesie
791 857 859 891 tue
883 864 1141 905 aggregare
1164 850 1373 904 dignatus
1395 864 1454 899 es,
1484 864 1568 890 non

236 919 374 958 solum
399 926 444 958 ut
465 920 629 972 fideles
654 934 859 973 essemus,
875 922 952 961 sed
975 924 1109 961 eciam
1136 927 1181 960 ut
1203 921 1278 960 tibi
1302 922 1389 961 vice
1412 934 1569 974 sponse

184 1014 221 1034 10
238 991 280 1029 z'n
314 990 544 1042 amplexus
569 990 775 1031 iocundos
799 999 940 1031 castos
962 998 1219 1045 eternosque
1243 991 1567 1044 copularemur.

193 1072 221 1105 S
296 1059 404 1099 Ecce
437 1061 660 1113 quomodo
694 1061 824 1101 sancti
858 1061 934 1100 sub
969 1062 1097 1101 dubio
1139 1070 1490 1115 presumpserunt
1528 1075 1569 1100 se
1585 1065 1674 1095 Thus
1695 1068 1743 1095 the
1759 1067 1861 1096 Saints

237 1143 325 1168 esse
348 1130 539 1170 membra
561 1131 745 1183 ecclesie,
768 1132 840 1171 sed
863 1131 1033 1171 nonnisi
1050 1146 1097 1172 ex
1112 1131 1410 1185 presupposita
1429 1131 1568 1171 imita-

239 1199 360 1239 cione
395 1200 540 1253 sponsi
574 1201 757 1244 ecclesie.
792 1203 916 1243 Unde
949 1216 1143 1242 sermone
1175 1203 1292 1242 ΧΙΙΙΟ
1317 1202 1415 1242 dicit
1437 1202 1567 1242 Bern-

236 1269 409 1311 hardus:
457 1272 501 1311 Si
540 1286 703 1325 sponsa
749 1275 890 1327 utique
938 1274 989 1314 de
1034 1276 1151 1313 omni
1195 1274 1351 1314 virtute
1382 1287 1464 1314 sua
1504 1272 1572 1313 vel

183 1341 392 1394 15gracia
427 1343 726 1383 misericordie
763 1344 925 1385 audeat
959 1345 1040 1384 sibi
1074 1345 1294 1397 quippiam
1331 1357 1568 1397 arrogare,

235 1418 396 1463 quanto
416 1413 557 1452 minus
571 1414 889 1454 adolescentule
912 1428 992 1468 que
1003 1414 1128 1468 forte
1153 1428 1229 1454 nos
1256 1415 1441 1454 sumus?
1462 1415 1569 1454 Ecce

237 1483 458 1535 quomodo
493 1484 592 1524 dicit
611 1484 750 1538 forte.
785 1485 997 1525 Dicamus
1021 1485 1209 1538 proinde
1243 1492 1279 1525 et
1313 1498 1390 1525 nos
1412 1498 1568 1538 sponse

237 1553 420 1606 vestigia
465 1555 747 1595 insectantes:
791 1555 888 1596 Non
937 1556 1059 1595 nobis
1091 1555 1273 1606 domine,
1308 1569 1390 1596 non
1433 1556 1566 1607 nobis,

237 1622 313 1662 sed
358 1625 523 1664 nomini
566 1632 637 1664 tuo
671 1625 727 1664 da
759 1626 966 1680 gloriam.
1001 1627 1215 1666 Dicamus
1248 1640 1333 1666 non
1367 1626 1496 1667 verbo
1530 1633 1571 1666 et

183 1714 224 1735 20
241 1692 393 1746 lingua
444 1701 626 1744 tantum,
673 1695 750 1735 sed
793 1710 922 1749 opere
965 1703 1005 1736 et
1052 1698 1254 1737 veritate:
1300 1698 1402 1750 quia
1441 1699 1569 1738 aliter

241 1775 324 1803 non
369 1777 519 1804 sumus
552 1766 791 1818 iuvencule,
832 1767 958 1806 iuxta
991 1767 1101 1806 illud
1132 1768 1298 1806 Psalmi
1330 1765 1567 1819 LXXVIP',

238 1831 314 1885 36,
337 1833 412 1886 37:
443 1835 659 1883 Quoniam
691 1836 941 1876 dilexerunt
964 1850 1058 1876 eum
1084 1838 1125 1876 in
1150 1850 1222 1876 ore
1251 1851 1331 1877 suo
1354 1845 1392 1877 et
1414 1839 1568 1892 lingua

240 1905 404 1943 mentiti
441 1912 542 1944 sunt
579 1906 642 1954 ei‚·
674 1919 749 1945 cor
789 1912 930 1946 autem
972 1920 1123 1947 eorum
1159 1920 1241 1946 non
1276 1914 1372 1947 erat
1401 1914 1565 1947 rectum

240 1985 334 2012 cum
381 1987 444 2022 eo,
493 1988 571 2014 nec
604 1975 768 2028 fideles
800 1976 933 2016 habiti
964 1984 1065 2016 sunt
1097 1977 1139 2016 in
1172 1983 1423 2017 testamento
1463 1979 1565 2018 eius.

184 2055 224 2087 25
242 2043 348 2083 Ecce
381 2043 457 2084 iste
490 2054 656 2085 sanctus
690 2046 813 2099 plane
846 2047 1074 2086 sentenciat
1093 2048 1226 2100 quod,
1261 2047 1338 2086 nisi
1372 2048 1566 2087 habueri-

240 2128 335 2154 mus
380 2114 510 2154 vitam
555 2117 932 2169 contemplativam
964 2118 1029 2156 vel
1073 2117 1253 2157 activam
1293 2132 1422 2171 quan]
1453 2119 1567 2159 Deus

240 2194 427 2238 acceptat
469 2186 521 2226 ad
567 2186 887 2237 beatitudinem,
940 2187 1057 2227 aliter
1101 2202 1188 2227 non
1233 2202 1381 2228 sumus
1428 2198 1566 2242 partes

242 2254 428 2295 ecclesie.
477 2256 576 2296 Ideo
620 2254 749 2296 instar
801 2266 1047 2297 sanctorum
1099 2259 1420 2311 decertaremus,
1473 2259 1566 2312 quis

241 2334 383 2376 posset
415 2339 504 2365 esse
536 2326 578 2365 in
613 2326 831 2367 fructuoso
865 2328 1098 2368 ministerio
1130 2330 1274 2369 matris
1308 2343 1381 2369 sue
1414 2344 1564 2382 opero-

183 2404 225 2436 30
243 2394 327 2433 sior
358 2404 484 2449 atque
517 2396 731 2437 humilior.
766 2398 819 2437 Et
852 2412 899 2437 ex
932 2398 1029 2437 hinc
1062 2398 1176 2438 iuxta
1198 2398 1326 2438 fidem
1349 2399 1565 2452 scripture,

241 2465 414 2504 Matthei
447 2467 614 2518 XVIIIO,
655 2482 686 2519 1,
721 2468 910 2522 sequitur
942 2469 1061 2522 quod
1095 2469 1145 2509 sit
1178 2470 1326 2509 maior.
1374 2469 1565 2510 Christus

240 2534 351 2574 enin]
396 2549 481 2576 non
526 2537 665 2590 potuit
710 2552 798 2578 esse
839 2548 965 2592 caput
998 2539 1167 2579 ecclesie
1202 2541 1288 2579 sine
1321 2540 1564 2579 humillimo

297 2681 324 2707 ς),
346 2673 384 2700 B:
407 2674 539 2710 Oportet
560 2675 657 2702 eciam
679 2680 710 2703 nt
730 2676 784 2704 tibi
805 2676 914 2704 vicem.
991 2685 1024 2704 ιι.
1046 2678 1074 2704 Α
1094 2677 1124 2705 in
1146 2686 1261 2712 marga
1283 2677 1389 2705 Sancti
1410 2686 1479 2705 cum
1500 2677 1563 2705 for-

238 2717 353 2746 midine
375 2725 403 2747 et
423 2721 479 2748 snb
502 2729 556 2757 spe
579 2722 722 2749 dixerunt
742 2731 774 2749 se
796 2731 864 2750 esse
885 2724 1026 2751 membra
1053 2729 1159 2751 sancte
1183 2723 1322 2751 ecclesie.
1355 2725 1375 2751 Β
1397 2724 1427 2751 in
1448 2733 1563 2758 marga

237 2762 336 2791 Nemo
357 2766 469 2794 audeat
488 2776 520 2794 se
541 2776 681 2795 asserere
702 2769 879 2796 membrum
901 2770 1040 2797 ecclesie.
1186 2771 1225 2799 13.
1249 2770 1288 2797 B:
1310 2779 1378 2806 cap.
1399 2771 1479 2798 XIII.
1501 2772 1529 2798 A
1543 2771 1562 2796 Β

238 2810 268 2837 in
289 2819 405 2847 marg:
427 2813 636 2841 Bernhardns.
817 2822 855 2843 21.
877 2815 910 2843 In
932 2816 1099 2844 Bernard's
1120 2825 1244 2844 sermon
1265 2817 1315 2844 the
1337 2825 1468 2852 passage
1489 2825 1563 2844 rnns

238 2865 271 2884 as
290 2857 429 2886 follows:
457 2860 503 2887 Ne
530 2861 610 2888 sorte
637 2861 734 2897 (quod
762 2862 855 2889 nimis
877 2864 997 2898 vereor)
1020 2863 1140 2891 dicatur
1160 2868 1188 2890 et
1210 2863 1246 2890 de
1268 2864 1375 2890 nobis:
1405 2863 1562 2899 Quoniam

239 2908 294 2931 etc.
316 2925 323 2932 .
345 2925 352 2932 .
374 2905 455 2935 conf.
477 2907 560 2943 Opp.
578 2916 646 2943 pag.
664 2908 724 2943 527.
823 2908 861 2936 31.
884 2909 905 2936 Β
927 2909 957 2937 in
979 2918 1094 2945 marga
1116 2909 1223 2937 Mntth.
1241 2908 1354 2937 XVIII.

1427 2958 1469 2991 ᾗῇ

1585 1103 1735 1130 hesitated
1756 1108 1786 1131 to
1804 1103 1861 1131 call

1629 1139 1816 1165 themselves

1584 1173 1741 1201 members
1762 1174 1797 1200 of
1812 1174 1862 1201 the

1655 1208 1792 1237 Clinrcli.
